%% Created using Papers on Wed, 20 May 2015.
%% http://papersapp.com/papers/

@article{Weinstein:1997il,
author = {Weinstein, John N. and Myers, Timothy G. and O'Connor, Patrick M. and Friend, Stephen H. and Fornace, Albert J. and Kohn, Kurt W. and Fojo, Tito and Bates, Susan E. and Rubinstein, Lawrence V. and Anderson, N. Leigh and Buolamwini, John K. and van Osdol, William W. and Monks, Anne P. and Scudiero, Dominic A. and Sausville, Edward A. and Zaharevitz, Daniel W. and Bunow, Barry and Viswanadhan, Vellarkad N. and Johnson, George S. and Wittes, Robert E. and Paull, Kenneth D.},
title = {{An Information-Intensive Approach to the Molecular Pharmacology of Cancer}},
journal = {Science},
year = {1997},
volume = {275},
number = {5298},
pages = {343--349},
month = jan
}

@article{Fliri:2005cl,
author = {Fliri, Anton F. and Loging, William T. and Thadeio, Peter F. and Volkmann, Robert A.},
title = {{Biological spectra analysis: Linking biological activity profiles to molecular structure}},
journal = {Proceedings of the National Academy of Sciences of the United States of America},
year = {2005},
volume = {102},
number = {2},
pages = {261--266},
month = jan
}

@article{Nesvizhskii:2007hq,
author = {Nesvizhskii, Alexey I and Vitek, Olga and Aebersold, Ruedi},
title = {{Analysis and validation of proteomic data generated by tandem mass spectrometry}},
journal = {Nature Methods},
year = {2007},
volume = {4},
number = {10},
pages = {787--797},
month = oct
}

@article{Ideker:2008ij,
author = {Ideker, Trey and Sharan, Roded},
title = {{Protein networks in disease}},
journal = {Genome Research},
year = {2008},
volume = {18},
number = {4},
pages = {644--652},
month = jan
}

@article{Chen:2010tw,
author = {Chen, Rong and Sigdel, Tara K and Li, Li and Kambham, Neeraja and Dudley, Joel T and Hsieh, Szu-chuan and Klassen, R Bryan and Chen, Amery and Caohuu, Tuyen and Morgan, Alexander A and Valantine, Hannah A and Khush, Kiran K and Sarwal, Minnie M and Butte, Atul J},
title = {{Differentially Expressed RNA from Public Microarray Data Identifies Serum Protein Biomarkers for Cross-Organ Transplant Rejection and Other Conditions}},
journal = {PLoS Comput Biol},
year = {2010},
volume = {6},
number = {9},
pages = {e1000940 EP --},
month = jan
}

@article{Vail:2007vm,
author = {Vail, D.L. and Lafferty, J.D. and Veloso, M.M.},
title = {{Feature selection in conditional random fields for activity recognition}},
journal = {Intelligent Robots and Systems, 2007. IROS 2007. IEEE/RSJ International Conference on},
year = {2007},
pages = {3379--3384}
}

@article{Mootha:2003eh,
author = {Mootha, Vamsi K. and Lepage, Pierre and Miller, Kathleen and Bunkenborg, Jakob and Reich, Michael and Hjerrild, Majbrit and Delmonte, Terrye and Villeneuve, Amelie and Sladek, Robert and Xu, Fenghao and Mitchell, Grant A. and Morin, Charles and Mann, Matthias and Hudson, Thomas J and Robinson, Brian and Rioux, John D. and Lander, Eric S},
title = {{Identification of a gene causing human cytochrome c oxidase deficiency by integrative genomics}},
journal = {Proceedings of the National Academy of Sciences},
year = {2003},
volume = {100},
number = {2},
pages = {605--610},
month = jan
}

@article{Schadt:2003hp,
author = {Schadt, Eric E and Monks, Stephanie A and Drake, Thomas A and Lusis, Aldons J and Che, Nam and Colinayo, Veronica and Ruff, Thomas G and Milligan, Stephen B and Lamb, John R and Cavet, Guy and Linsley, Peter S and Mao, Mao and Stoughton, Roland B and Friend, Stephen H.},
title = {{Genetics of gene expression surveyed in maize, mouse and man}},
journal = {Nature {\ldots}},
year = {2003},
volume = {422},
number = {6929},
pages = {297--302},
month = mar
}

@article{English:2007jo,
author = {English, Sangeeta B. and Butte, Atul J},
title = {{Evaluation and integration of 49 genome-wide experiments and the prediction of previously unknown obesity-related genes}},
journal = {Bioinformatics},
year = {2007},
volume = {23},
number = {21},
pages = {2910--2917},
month = jan
}

@article{Calvo:2006ic,
author = {Calvo, Sarah and Jain, Mohit and Xie, Xiaohui and Sheth, Sunil A and Chang, Betty and Goldberger, Olga A and Spinazzola, Antonella and Zeviani, Massimo and Carr, Steven A. and Mootha, Vamsi K.},
title = {{Systematic identification of human mitochondrial disease genes through integrative genomics}},
journal = {Nature Genetics},
year = {2006},
volume = {38},
number = {5},
pages = {576--582},
month = apr
}

@article{Stoll:2001id,
author = {Stoll, Monika and Cowley, Allen W. and Tonellato, Peter J. and Greene, Andrew S. and Kaldunski, Mary L. and Roman, Richard J. and Dumas, Pierre and Schork, Nicholas J. and Wang, Zhitao and Jacob, Howard J.},
title = {{A Genomic-Systems Biology Map for Cardiovascular Function}},
journal = {Science},
year = {2001},
volume = {294},
number = {5547},
pages = {1723--1726},
month = jan
}

@article{Bild:2005bw,
author = {Bild, A and Bild, A},
title = {{Application of a priori established gene sets to discover biologically important differential expression in microarray data}},
journal = {Proceedings of the National Academy of Sciences},
year = {2005},
volume = {102},
number = {43},
pages = {15278--15279},
month = oct
}

@article{Smith:2004if,
author = {Smith, Cynthia L and Goldsmith, Carroll-Ann W and Eppig, Janan T},
title = {{Genome Biology | Full text | The Mammalian Phenotype Ontology as a tool for annotating, analyzing and comparing phenotypic information}},
journal = {Genome Biology},
year = {2004},
volume = {6},
number = {1},
pages = {R7}
}

@article{Do:2010hz,
author = {Do, Bao H and Wu, Andrew and Biswal, Sandip and Kamaya, Aya and Rubin, Daniel L},
title = {{Informatics in Radiology: RADTF: A Semantic Search--enabled, Natural Language Processor--generated Radiology Teaching File}},
journal = {Radiographics : a review publication of the Radiological Society of North America, Inc},
year = {2010},
volume = {30},
number = {7},
pages = {2039--2048},
month = jan
}

@article{Bankowitz:1989kw,
author = {Bankowitz, Richard A. and McNeil, Melissa A. and Challinor, Sue M. and Parker, Ronnie C. and Kapoor, Wishwa N. and Miller, Randolph A.},
title = {{A Computer-Assisted Medical Diagnostic Consultation Service}},
journal = {Annals of Internal Medicine},
year = {1989},
volume = {110},
number = {10},
pages = {824--832},
month = jan
}

@article{Napel:2010es,
author = {Napel, Sandy A and Beaulieu, Christopher F and Rodriguez, Cesar and Cui, Jingyu and Xu, Jiajing and Gupta, Ankit and Korenblum, Daniel and Greenspan, Hayit and Ma, Yongjun and Rubin, Daniel L},
title = {{Automated Retrieval of CT Images of Liver Lesions on the Basis of Image Similarity: Method and Preliminary Results}},
journal = {Radiology},
year = {2010},
volume = {256},
number = {1},
pages = {243--252},
month = jan
}

@article{Cheng:2003ig,
author = {Cheng, H D and Cai, Xiaopeng and Chen, Xiaowei and Hu, Liming and Lou, Xueling},
title = {{Computer-aided detection and classification of microcalcifications in mammograms: a survey}},
journal = {Pattern Recognition},
year = {2003},
volume = {36},
number = {12},
pages = {2967--2991},
month = dec
}

@manual{Stock:2014tn,
title = {{$^{DTComPair: comparison of binary diagnostic tests in a paired study design}$}},
author = {Stock, Christian and Hielscher, Thomas},
edition = {1.03},
year = {2014}
}

@article{Elter:2009fv,
author = {Elter, Matthias and Horsch, Alexander},
title = {{CADx of mammographic masses and clustered microcalcifications: A review}},
journal = {Medical physics},
year = {2009},
volume = {36},
number = {6},
pages = {2052--2068}
}

@article{Canty:2009ux,
author = {Canty, Angelo and Ripley, Brian},
title = {{boot: Bootstrap R (S-Plus) functions}},
journal = {R package version},
year = {2009},
volume = {1},
number = {9}
}

@article{Zhao:2010tg,
author = {Zhao, Zheng},
title = {{Advanced Feature Selection Research}},
year = {2010},
pages = {1--28},
month = jun
}

@article{Shi:2002ub,
author = {Shi, J and Malik, J},
title = {{Normalized cuts and image segmentation}},
journal = {Pattern Analysis and Machine Intelligence, IEEE Transactions on},
year = {2002},
volume = {22},
number = {8},
pages = {888--905}
}

@article{Peterson:2008up,
author = {Peterson, K B and Pederson, M S},
title = {{The Matrix Cookbook}},
year = {2008},
pages = {1--71},
month = nov
}

@article{Keisler:1986uh,
author = {Keisler, HJ},
title = {{Elementary calculus: an infinitesimal approach}},
year = {1986}
}

@article{Yu:2007vt,
author = {Yu, B and Bailey, T and Orlandic, R},
title = {{Estimating the performance of multidimensional access methods based on nonoverlapping regions}},
journal = {International Journal of Intelligent Systems},
year = {2007},
volume = {22},
number = {3},
pages = {259--277}
}

@article{Gordon:1994tn,
author = {Gordon, SA},
title = {{A faster Scrabble move generation algorithm}},
journal = {Software: Practice and Experience},
year = {1994},
volume = {24},
number = {2},
pages = {219--232}
}

@article{Byng:1994ws,
author = {Byng, J W and Boyd, N F and Fishell, E and Jong, R A and Yaffe, M J},
title = {{The quantitative analysis of mammographic densities.}},
journal = {Physics in medicine and biology},
year = {1994},
volume = {39},
number = {10},
pages = {1629--1638},
month = oct
}

@article{Powell:2007tu,
author = {Powell, S and Magnotta, V},
title = {{Automated image segmentation using support vector machines}},
journal = {Proceedings of SPIE},
year = {2007}
}

@article{Zuliani:2008vh,
author = {Zuliani, M},
title = {{RANSAC for Dummies}},
year = {2008}
}

@article{Page:1998wg,
author = {Page, L and Brin, S and Motwani, R and Winograd, T},
title = {{The pagerank citation ranking: Bringing order to the web}},
year = {1998}
}

@article{Belongie:2002tj,
author = {Belongie, S and Malik, J and Puzicha, J},
title = {{Shape matching and object recognition using shape contexts}},
journal = {IEEE Transactions on Pattern Analysis and Machine Intelligence},
year = {2002},
pages = {509--522}
}

@article{Byng:1996vz,
author = {Byng, J W and Boyd, N F and Fishell, E and Jong, R A and Yaffe, M J},
title = {{Automated analysis of mammographic densities.}},
journal = {Physics in medicine and biology},
year = {1996},
volume = {41},
number = {5},
pages = {909--923},
month = may
}

@article{Partl:2003vb,
author = {Partl, TOH and Hyna, I and Schlegl, E},
title = {{The Not So Short Introduction to\\ LATEX 2e}},
journal = {Version},
year = {2003},
volume = {4},
pages = {13}
}

@article{Rother:2004wf,
author = {Rother, C and Kolmogorov, V and Blake, A},
title = {{Grabcut: Interactive foreground extraction using iterated graph cuts}},
journal = {ACM Transactions on Graphics (TOG)},
year = {2004},
volume = {23},
number = {3},
pages = {309--314}
}

@article{Viola:2004us,
author = {Viola, P and Jones, MJ},
title = {{Robust real-time face detection}},
journal = {International Journal of Computer Vision},
year = {2004},
volume = {57},
number = {2},
pages = {137--154}
}

@article{Riisgaard:2005wi,
author = {Riisgaard, S},
title = {{SLAM for Dummies: A tutorial approach to Simultaneous Localization and Mapping}},
journal = {citeulike.org},
year = {2005}
}

@article{Graham:1994wd,
author = {Graham, P},
title = {{On Lisp}},
year = {1994}
}

@inproceedings{Lee:2009hj,
author = {Lee, Honglak and Grosse, Roger and Ranganath, Rajesh and Ng, Andrew Y},
title = {{Convolutional deep belief networks for scalable unsupervised learning of hierarchical representations}},
booktitle = {International Conference on Machine Learning},
year = {2009},
pages = {609--616},
publisher = {ACM Press},
address = {New York, New York, USA}
}

@book{MacKay:2003wc,
author = {MacKay, DJC},
title = {{Information theory, inference, and learning algorithms}},
publisher = {Cambridge University Press},
year = {2003},
address = {Cambridge},
edition = {7.2}
}

@article{Houthuys:1987tr,
author = {Houthuys, P},
title = {{Box sort, a multidimensional binary sorting method for rectangular boxes, used for quick range searching}},
journal = {The Visual Computer},
year = {1987},
volume = {3},
number = {4},
pages = {236--249}
}

@article{Pakin:2001wp,
author = {Pakin, S},
title = {{The comprehensive LATEX symbol list}},
year = {2001}
}

@article{Orlandic:2002tm,
author = {Orlandic, R and Yu, B},
title = {{Implementing KDB-trees to support high-dimensional data}},
journal = {Database Engineering {\&} Applications, 2001 International Symposium on.},
year = {2002},
pages = {58--67}
}

@article{Bright:2012ga,
author = {Bright, Tiffani J and Wong, Anthony and Dhurjati, Ravi and Bristow, Erin and Bastian, Lori and Coeytaux, Remy R and Samsa, Gregory and Hasselblad, Vic and Williams, John W and Musty, Michael D and Wing, Liz and Kendrick, Amy S and Sanders, Gillian D and Lobach, David},
title = {{Effect of Clinical Decision-Support SystemsA Systematic Review}},
journal = {Annals of Internal Medicine},
year = {2012},
volume = {157},
number = {1},
pages = {29--43},
month = jan
}

@article{Lenkinski:2008wi,
author = {Lenkinski, R and Bloch, B and Liu, F and Frangioni, J},
title = {{An illustration of the potential for mapping MRI/MRS parameters with genetic over-expression profiles in human prostate cancer}},
journal = {{\ldots} Resonance Materials in {\ldots}},
year = {2008}
}

@article{Kim:2000vj,
author = {Kim, T and Choi, B and Han, J and Hong, H and Park, S},
title = {{Hepatic Tumors: Contrast Agent-Enhancement Patterns with Pulse-Inversion Harmonic US1}},
journal = {Radiology},
year = {2000}
}

@article{Brancatelli:2003tm,
author = {Brancatelli, G and Baron, R},
title = {{Helical CT screening for hepatocellular carcinoma in patients with cirrhosis: frequency and causes of false-positive interpretation}},
journal = {American Journal of {\ldots}},
year = {2003}
}

@article{Bogaerts:2009ck,
author = {Bogaerts, Jan and Ford, Robert and Sargent, Dan and Schwartz, Lawrence H and Rubinstein, Larry and Lacombe, Denis and Eisenhauer, Elizabeth and Verweij, Jaap and Therasse, Patrick and Party, for the RECIST Working},
title = {{Individual patient data analysis to assess modifications to the RECIST criteria}},
journal = {European Journal of Cancer},
year = {2009},
volume = {45},
number = {2},
pages = {248--260}
}

@article{Sargent:2009ku,
author = {Sargent, D and Rubinstein, L and Schwartz, L and Dancey, J and Gatsonis, C and Dodd, L and Shankar, L},
title = {{Validation of novel imaging methodologies for use as cancer clinical trial end-points}},
journal = {European Journal of Cancer},
year = {2009},
volume = {45},
number = {2},
pages = {290--299}
}

@article{Nishino:2010be,
author = {Nishino, M and Jagannathan, J P and Ramaiya, N H and van den Abbeele, A D},
title = {{Revised RECIST Guideline Version 1.1: What Oncologists Want to Know and What Radiologists Need to Know}},
journal = {American Journal of Roentgenology},
year = {2010},
volume = {195},
number = {2},
pages = {281--289},
month = aug
}

@article{Choi:2007kb,
author = {Choi, H and Charnsangavej, C and Faria, S C and Macapinlac, H A and Burgess, M A and Patel, S R and Chen, L L and Podoloff, D A and Benjamin, R S},
title = {{Correlation of Computed Tomography and Positron Emission Tomography in Patients With Metastatic Gastrointestinal Stromal Tumor Treated at a Single Institution With Imatinib Mesylate: Proposal of New Computed Tomography Response Criteria}},
journal = {Journal of Clinical Oncology},
year = {2007},
volume = {25},
number = {13},
pages = {1753--1759},
month = may
}

@article{Schmid:2009fp,
author = {Schmid, Volker J and Whitcher, Brandon and Padhani, Anwar R and Taylor, N Jane and Yang, Guang-Zhong},
title = {{A Bayesian hierarchical model for the analysis of a longitudinal dynamic contrast-enhanced MRI oncology study}},
journal = {Magnetic Resonance in Medicine},
year = {2009},
volume = {61},
number = {1},
pages = {163--174}
}

@article{Li:2005gw,
author = {Li, Ka-Loh and Wilmes, Lisa J and Henry, Roland G and Pallavicini, Maria G and Park, John W and Hu-Lowe, Dana D and Mcshane, Teresa M and Shalinsky, David R and Fu, Y-J and Brasch, Robert C and Hylton, Nola M},
title = {{Heterogeneity in the angiogenic response of a BT474 human breast cancer to a novel vascular endothelial growth factor-receptor tyrosine kinase inhibitor: Assessment by voxel analysis of dynamic contrast-enhanced MRI}},
journal = {Journal of Magnetic Resonance Imaging},
year = {2005},
volume = {22},
number = {4},
pages = {511--519},
month = oct
}

@article{BarJoseph:2004hk,
author = {Bar-Joseph, Z},
title = {{Analyzing time series gene expression data}},
journal = {Bioinformatics},
year = {2004},
volume = {20},
number = {16},
pages = {2493--2503},
month = apr
}

@article{Schliep:2003wr,
author = {Schliep, Alexander and Sch{\"o}nhuth, Alexander and Steinhoff, Christine},
title = {{Using hidden Markov models to analyze gene expression time course data}},
journal = {Bioinformatics},
year = {2003},
volume = {19 Suppl 1},
pages = {i255--63}
}

@article{Avidan:2007uc,
author = {Avidan, Shai and Shamir, Ariel},
title = {{Seam carving for content-aware image resizing}},
journal = {SIGGRAPH '07: SIGGRAPH 2007 papers},
year = {2007},
month = aug
}

@article{Fu:2004gr,
author = {Fu, Cynthia H Y and Williams, Steven C R and Cleare, Anthony J and Brammer, Michael J and Walsh, Nicholas D and Kim, Jieun and Andrew, Chris M and Pich, Emilio Merlo and Williams, Pauline M and Reed, Laurence J and Mitterschiffthaler, Martina T and Suckling, John and Bullmore, Edward T},
title = {{Attenuation of the neural response to sad faces in major depression by antidepressant treatment: a prospective, event-related functional magnetic resonance imaging study}},
journal = {Archives of general psychiatry},
year = {2004},
volume = {61},
number = {9},
pages = {877--889},
month = sep
}

@article{Brown:2008id,
author = {Brown, Robert and Zlatescu, Magdalena and Sijben, Angelique and Roldan, Gloria and Easaw, Jay and Forsyth, Peter and Parney, Ian and Sevick, Robert and Yan, Elizabeth and Demetrick, Douglas and Schiff, David and Cairncross, Gregory and Mitchell, Ross},
title = {{The use of magnetic resonance imaging to noninvasively detect genetic signatures in oligodendroglioma}},
journal = {Clinical cancer research : an official journal of the American Association for Cancer Research},
year = {2008},
volume = {14},
number = {8},
pages = {2357--2362},
month = apr
}

@article{Brown:2008dq,
author = {Brown, Robert A and Frayne, Richard},
title = {{A fast discrete S-transform for biomedical signal processing}},
year = {2008},
pages = {2586--2589}
}

@article{Mikolajczyk:2004ws,
author = {Mikolajczyk, K and Schmid, C},
title = {{Scale {\&} affine invariant interest point detectors}},
journal = {International Journal of Computer Vision},
year = {2004},
volume = {60},
number = {1},
pages = {63--86}
}

@article{Brown:2007vr,
author = {Brown, M and Lowe, DG},
title = {{Automatic panoramic image stitching using invariant features}},
journal = {International Journal of Computer Vision},
year = {2007},
volume = {74},
number = {1},
pages = {59--73}
}

@article{Mikolajczyk:2005tk,
author = {Mikolajczyk, K and Schmid, C},
title = {{A performance evaluation of local descriptors}},
journal = {IEEE Transactions on Pattern Analysis and Machine Intelligence},
year = {2005},
pages = {1615--1630}
}

@article{Mikolajczyk:2002vl,
author = {Mikolajczyk, K and Schmid, C},
title = {{Indexing based on scale invariant interest points}},
journal = {Computer Vision, 2001. ICCV 2001. Proceedings. Eighth IEEE International Conference on},
year = {2002},
volume = {1},
pages = {525--531}
}

@article{Lindeberg:1998vx,
author = {Lindeberg, T},
title = {{Feature detection with automatic scale selection}},
journal = {International Journal of Computer Vision},
year = {1998},
volume = {30},
number = {2},
pages = {79--116}
}

@article{Friedman:2009wm,
author = {Friedman, Jerome and Hastie, Trevor and Tibshirani, Rob},
title = {{Regularization Paths for Generalized Linear Models via Coordinate Descent.}},
journal = {Journal of statistical software},
year = {2009},
volume = {33},
number = {1},
pages = {1--22},
month = dec
}

@article{Lowe:2004uq,
author = {Lowe, DG},
title = {{Distinctive image features from scale-invariant keypoints}},
journal = {International Journal of Computer Vision},
year = {2004},
volume = {60},
number = {2},
pages = {91--110}
}

@article{Coates:2011wo,
author = {Coates, A and Lee, H and Ng, A.Y.},
title = {{An analysis of single-layer networks in unsupervised feature learning}},
journal = {Proceedings of the Fourteenth International Conference on Artificial Intelligence and Statistics},
year = {2011},
volume = {15}
}

@article{Dalal:2005to,
author = {Dalal, N},
title = {{Histograms of oriented gradients for human detection}},
journal = {{\ldots} 2005. CVPR 2005. IEEE Computer Society {\ldots}},
year = {2005}
}

@article{Baron:1994vg,
author = {Baron, R L},
title = {{Understanding and optimizing use of contrast material for CT of the liver}},
journal = {AJR American journal of roentgenology},
year = {1994},
volume = {163},
number = {2},
pages = {323--331},
month = aug
}

@inproceedings{Klinger:2009vy,
author = {Klinger, R},
title = {{Feature subset selection in conditional random fields for named entity recognition}},
booktitle = {Proceedings of Recent Advances in {\ldots}},
year = {2009}
}

@article{Jensen:2011hv,
author = {Jensen, Lars Juhl and Bateman, Alex},
title = {{The rise and fall of supervised machine learning techniques}},
journal = {Bioinformatics},
year = {2011},
volume = {27},
number = {24},
pages = {3331--3332},
month = jan
}

@article{Lencioni:2005ia,
author = {Lencioni, Riccardo and Cioni, Dania and della Pina, Clotilde and Crocetti, Laura and Bartolozzi, Carlo},
title = {{Imaging diagnosis}},
journal = {Seminars in liver disease},
year = {2005},
volume = {25},
number = {2},
pages = {162--170}
}

@article{Armato:2007ks,
author = {Armato, III, Samuel G and McNitt-Gray, Michael F and Reeves, Anthony P and Meyer, Charles R and McLennan, Geoffrey and Aberle, Denise R and Kazerooni, Ella A and MacMahon, Heber and van Beek, Edwin J R and Yankelevitz, David and Hoffman, Eric A and Henschke, Claudia I and Roberts, Rachael Y and Brown, Matthew S and Engelmann, Roger M and Pais, Richard C and Piker, Christopher W and Qing, David and Kocherginsky, Masha and Croft, Barbara Y and Clarke, Laurence P},
title = {{The Lung Image Database Consortium (LIDC): An Evaluation of Radiologist Variability in the Identification of Lung Nodules on CT Scans}},
journal = {Academic radiology},
year = {2007},
volume = {14},
number = {11},
pages = {1409--1421},
month = nov
}

@article{Rubin:2008uz,
author = {Rubin, Daniel L and Rodriguez, Cesar and Shah, Priyanka and Beaulieu, Chris},
title = {{iPad: Semantic annotation and markup of radiological images}},
journal = {AMIA Annual Symposium proceedings / AMIA Symposium AMIA Symposium},
year = {2008},
pages = {626--630}
}

@article{Langlotz:2006jn,
author = {Langlotz, Curtis P},
title = {{RadLex: a new method for indexing online educational materials}},
journal = {Radiographics : a review publication of the Radiological Society of North America, Inc},
year = {2006},
volume = {26},
number = {6},
pages = {1595--1597}
}

@article{Youk:2003wd,
author = {Youk, Ji Hyun and Kim, Chong Soo and Lee, Jeong Min},
title = {{Contrast-enhanced agent detection imaging: value in the characterization of focal hepatic lesions}},
journal = {Journal of ultrasound in medicine : official journal of the American Institute of Ultrasound in Medicine},
year = {2003},
volume = {22},
number = {9},
pages = {897--910},
month = sep
}

@article{ElSerag:2008ja,
author = {El-Serag, Hashem B and Marrero, Jorge A and Rudolph, Lenhard and Reddy, K Rajender},
title = {{Diagnosis and treatment of hepatocellular carcinoma}},
journal = {Gastroenterology},
year = {2008},
volume = {134},
number = {6},
pages = {1752--1763},
month = may
}

@article{Strela:2002vq,
author = {Strela, V and Heller, P.N. and Strang, G and Topiwala, P. and Heil, C.},
title = {{The application of multiwavelet filterbanks to image processing}},
journal = {Image Processing, IEEE Transactions on},
year = {1999},
volume = {8},
number = {4},
pages = {548--563}
}

@inproceedings{Zhao:2005wb,
author = {Zhao, C.G. and Cheng, H.Y. and Huo, Y.L. and Zhuang, T.G.},
title = {{Liver CT-image retrieval based on Gabor texture}},
booktitle = {Engineering in Medicine and Biology Society, 2004. IEMBS '04. 26th Annual International Conference of the IEEE},
year = {2004},
pages = {1491--1494},
publisher = {IEEE}
}

@book{Duda:1973ul,
author = {Duda, Richard O. and Hart, Peter E.},
title = {{Pattern classification and scene analysis}},
publisher = {A Wiley-Interscience Publication},
year = {1973},
address = {New York: Wiley}
}

@article{Wainwright:2008du,
author = {Wainwright, Martin J and Jordan, Michael I},
title = {{Graphical Models, Exponential Families, and Variational Inference}},
journal = {Found. Trends Mach. Learn.},
year = {2008},
volume = {1},
number = {1-2},
pages = {1--305}
}

@inproceedings{Hong:2006ti,
author = {Hong, Byung-Woo and Prados, E and Soatto, S and Vese, L.},
title = {{Shape Representation based on Integral Kernels: Application to Image Matching and Segmentation}},
booktitle = {Computer Vision and Pattern Recognition, 2006 IEEE Computer Society Conference on},
year = {2006},
pages = {833--840},
publisher = {IEEE}
}

@article{Manay:2006un,
author = {Manay, S and Cremers, D and Byung-Woo Hong and Yezzi, A J and Soatto, S},
title = {{Integral Invariants for Shape Matching}},
journal = {IEEE Transactions on Pattern Analysis and Machine Intelligence},
year = {2006},
volume = {28},
number = {10},
pages = {1602--1618},
month = oct
}

@book{MRangayyan:2005td,
author = {M Rangayyan, Rangaraj},
editor = {Neuman, Michael R.},
title = {{Biomedical Image Analysis‎}},
publisher = {CRC Press},
year = {2005},
address = {Boca Raton, Florida}
}

@article{Friedman:2010wm,
author = {Krishnapuram, B and Carin, L and Figueiredo, M A T and Hartemink, A J},
title = {{Sparse multinomial logistic regression: fast algorithms and generalization bounds}},
journal = {IEEE Transactions on Pattern Analysis and Machine Intelligence},
year = {2010},
volume = {27},
number = {6},
pages = {957--968}
}

@article{Yu:2009tp,
author = {Yu, D and Deng, L},
title = {{Learning in the deepstructured conditional random fields}},
journal = {Proc NIPS Workshop},
year = {2009}
}

@article{Tibshirani:1996wb,
author = {Tibshirani, Robert T3 -},
title = {{Regression Shrinkage and Selection via the Lasso}},
journal = {Journal of the Royal Statistical Society. Series B (Methodological)},
year = {1996},
volume = {58},
number = {1},
pages = {267--288},
month = jan
}

@article{Wang:1998wb,
author = {Wang, James Ze and Wiederhold, Gio and Firschein, Oscar and Xin Wei, Sha},
title = {{Content-based image indexing and searching using Daubechies' wavelets}},
journal = {International Journal on Digital Libraries},
year = {1998},
volume = {1},
number = {4},
pages = {311--328},
month = jan
}

@article{Rosset:2004kk,
author = {Rosset, Antoine and Spadola, Luca and Ratib, Osman},
title = {{OsiriX: An Open-Source Software for Navigating in Multidimensional DICOM Images}},
journal = {Journal of digital imaging : the official journal of the Society for Computer Applications in Radiology},
year = {2004},
volume = {17},
number = {3},
pages = {205--216},
month = jan
}

@article{Bay:2006ug,
author = {Bay, H and Tuytelaars, T},
title = {{Surf: Speeded up robust features}},
journal = {Computer Vision--ECCV 2006},
year = {2006}
}

@article{Bouguet:2001vu,
author = {Bouguet, J},
title = {{Pyramidal implementation of the affine lucas kanade feature tracker---description of the algorithm}},
journal = {pages.slc.edu},
year = {2001}
}

@article{Bouguet:1999wa,
author = {Bouguet, J},
title = {{Pyramidal implementation of the lucas kanade feature tracker description of the algorithm}},
journal = {Intel Corporation},
year = {1999}
}

@article{Lucas:1981uw,
author = {Lucas, B and Kanade, T},
title = {{An iterative image registration technique with an application to stereo vision}},
journal = {International joint conference on artificial {\ldots}},
year = {1981}
}

@article{Harris:1988tka,
author = {Harris, C and Stephens, M},
title = {{A combined corner and edge detector}},
journal = {Alvey vision conference},
year = {1988}
}

@article{Eadie:2011cv,
author = {Eadie, Leila H and Taylor, Paul and Gibson, Adam P},
title = {{A systematic review of computer-assisted diagnosis in diagnostic cancer imaging}},
journal = {European journal of radiology},
year = {2012},
volume = {81},
number = {1},
pages = {e70--e76},
month = jan
}

@article{Vohrah:2003tp,
author = {Vohrah, A},
title = {{Clinical governance: two years experience of reporting discrepancy review in radiology}},
journal = {Journal of Diagnostic Radiography {\ldots}},
year = {2003}
}

@article{Fujita:2008it,
author = {Fujita, Hiroshi and Uchiyama, Yoshikazu and Nakagawa, Toshiaki and Fukuoka, Daisuke and Hatanaka, Yuji and Hara, Takeshi and Lee, Gobert N and Hayashi, Yoshinori and Ikedo, Yuji and Gao, Xin and Zhou, Xiangrong},
title = {{Computer-aided diagnosis: the emerging of three CAD systems induced by Japanese health care needs}},
journal = {Computer methods and programs in biomedicine},
year = {2008},
volume = {92},
number = {3},
pages = {238--248},
month = dec
}

@article{Meeuwis:2010bv,
author = {Meeuwis, Carla and van de Ven, Stephanie M and Stapper, Gerard and Fernandez Gallardo, Arancha M and van den Bosch, Maurice A A J and Mali, Willem P Th M and Veldhuis, Wouter B},
title = {{Computer-aided detection (CAD) for breast MRI: evaluation of efficacy at 3.0 T}},
journal = {European Radiology},
year = {2010},
volume = {20},
number = {3},
pages = {522--528},
month = mar
}

@article{Settles:2010vo,
author = {Settles, B},
title = {{Active learning literature survey}},
journal = {University of Wisconsin},
year = {2010}
}

@article{Liberman:ws,
author = {Baker, J A and Kornguth, P J and C E Floyd, Jr},
title = {{Breast imaging reporting and data system standardized mammography lexicon: observer variability in lesion description.}},
journal = {AJR American journal of roentgenology},
year = {1996},
volume = {166},
number = {4},
pages = {773--778},
month = apr
}

@article{Kruskal:2006gb,
author = {Kruskal, J B and Yam, C S and Sosna, J and Hallett, D T and Milliman, Y J and Kressel, H Y},
title = {{Implementation of Online Radiology Quality Assurance Reporting System for Performance Improvement: Initial Evaluation}},
journal = {Radiology},
year = {2006},
volume = {241},
number = {2},
pages = {518--527},
month = nov
}

@article{Roy:2001ut,
author = {Roy, N and McCallum, A},
title = {{Toward optimal active learning through monte carlo estimation of error reduction}},
journal = {ICML},
year = {2001}
}

@article{Burnside:2009ki,
author = {Burnside, Elizabeth S and Sickles, Edward A and Bassett, Lawrence W and Rubin, Daniel L and Lee, Carol H and Ikeda, Debra M and Mendelson, Ellen B and Wilcox, Pamela A and Butler, Priscilla F and D'Orsi, Carl J},
title = {{The ACR BI-RADS experience: learning from history.}},
journal = {Journal of the American College of Radiology : JACR},
year = {2009},
volume = {6},
number = {12},
pages = {851--860},
month = dec
}

@article{Finkel:2005jg,
author = {Finkel, Jenny Rose and Grenager, Trond and Manning, Christopher},
title = {{Incorporating non-local information into information extraction systems by Gibbs sampling}},
year = {2005},
pages = {363--370},
month = jun
}

@article{Taylor:2007vl,
author = {Taylor, GW and Hinton, GE and Roweis, S},
title = {{Modeling human motion using binary latent variables}},
journal = {Advances in neural information processing systems},
year = {2007}
}

@article{Schreiber:1995cl,
author = {Schreiber, Melvyn H},
title = {{The one o'clock conference}},
journal = {Academic radiology},
year = {1995},
volume = {2},
number = {11},
pages = {1032--1033},
month = nov
}

@article{Greiner:2002wr,
author = {Greiner, Russell and Grove, Adam J and Roth, Dan},
title = {{Learning cost-sensitive active classifiers}},
journal = {Artificial Intelligence},
year = {2002},
volume = {139},
number = {2},
pages = {137--174}
}

@inproceedings{Klein:2003tm,
author = {Klein, Dan and Manning, Christopher D},
title = {{Accurate unlexicalized parsing}},
booktitle = {ACL '03: Proceedings of the 41st Annual Meeting on Association for Computational Linguistics},
year = {2003},
publisher = { Association for Computational Linguistics},
month = jul
}

@article{Domingos:2000wx,
author = {Domingos, P},
title = {{Bayesian averaging of classifiers and the overfitting problem}},
journal = {ICML},
year = {2000}
}

@article{Hsu:2013wx,
author = {Hsu, William and Markey, Mia K and Wang, May D},
title = {{Biomedical imaging informatics in the era of precision medicine: progress, challenges, and opportunities}},
journal = {Journal of the American Medical Informatics Association},
year = {2013},
volume = {20},
number = {6},
pages = {1010--1013},
month = nov
}

@article{Sobol:2001ed,
author = {Sobol, I. M.},
title = {{Global sensitivity indices for nonlinear mathematical models and their Monte Carlo estimates}},
journal = {Mathematics and Computers in Simulation},
year = {2001},
volume = {55},
number = {1-3},
pages = {271--280},
month = feb
}

@article{Friedman:2009dx,
author = {Friedman, Charles P},
title = {{A ``Fundamental Theorem'' of Biomedical Informatics}},
journal = {Journal of the American Medical Informatics Association},
year = {2009},
volume = {16},
number = {2},
pages = {169--170},
month = mar
}

@article{Poggio:1985tj,
author = {Poggio, T and Torre, V and Koch, C.},
title = {{Computational vision and regularization theory}},
journal = {Nature {\ldots}},
year = {1985},
volume = {317},
number = {6035},
pages = {314--319}
}

@article{Yu:jv,
author = {Yu, Dong and Deng, Li and Acero, Alex},
title = {{Using continuous features in the maximum entropy model}},
journal = {Pattern Recognition Letters},
volume = {30},
number = {14},
pages = {1295--1300}
}

@article{Kong:2012ht,
author = {Kong, Augustine and Barnett, G Octo and Mosteller, Frederick and Youtz, Cleo},
title = {{How Medical Professionals Evaluate Expressions of Probability}},
journal = {N Engl J Med},
year = {2012},
volume = {315},
number = {12},
pages = {740--744},
month = jan
}

@article{Klein:2003vj,
author = {Klein, D and Manning, C.D.},
title = {{Fast exact inference with a factored model for natural language parsing}},
journal = {Advances in neural information processing systems},
year = {2002},
volume = {15},
number = {2002},
pages = {3--10}
}

@article{Miller:1990wg,
author = {Miller, R A and Masarie, Jr, F E},
title = {{The demise of the "Greek Oracle" model for medical diagnostic systems.}},
journal = {Methods of information in medicine},
year = {1990},
month = jan
}

@article{Keats:2008ek,
author = {Keats, Theodore},
title = {{Tell it like it is}},
journal = {Emergency Radiology},
year = {2008},
volume = {15},
number = {4},
pages = {215--215},
month = may
}

@article{Clayforth:2005cn,
author = {Clayforth, Cassandra and Fritschi, Lin and McEvoy, Suzanne and Byrne, Michael J and Wylie, Elizabeth and Threlfall, Tim and Sterrett, Greg and Harvey, Jennet M and Jamrozik, Konrad},
title = {{Assessing the effectiveness of a mammography screening service}},
journal = {ANZ Journal of Surgery},
year = {2005},
volume = {75},
number = {8},
pages = {631--636}
}

@article{Plecha:2014ee,
author = {Plecha, Donna and Salem, Nelly and Kremer, Mallory and Pham, Ramya and Downs-Holmes, Catherine and Sattar, Abdus and Lyons, Janice},
title = {{Neglecting to Screen Women Between 40 and 49 Years Old With Mammography: What Is the Impact on Treatment Morbidity and Potential Risk Reduction?}},
journal = {AJR American journal of roentgenology},
year = {2014},
volume = {202},
number = {2},
pages = {282--288},
month = jan
}

@article{Kremer:2012bh,
author = {Kremer, Mallory E and Downs-Holmes, Catherine and Novak, Ronald D and Lyons, Janice A and Silverman, Paula and Pham, Ramya M and Plecha, Donna M},
title = {{Neglecting to Screen Women Between the Ages of 40 and 49 Years With Mammography: What Is the Impact on Breast Cancer Diagnosis?}},
journal = {AJR American journal of roentgenology},
year = {2012},
volume = {198},
number = {5},
pages = {1218--1222},
month = may
}

@article{Amir:2012dj,
author = {Amir, E and Bedard, P L and Ocana, A and Seruga, B},
title = {{Benefits and Harms of Detecting Clinically Occult Breast Cancer}},
journal = {Journal of the National Cancer Institute},
year = {2012},
volume = {104},
number = {20},
pages = {1542--1547},
month = oct
}

@article{SharpeJr:2013hv,
author = {Sharpe, Jr, Richard E and Levin, David C and Parker, Laurence and Rao, Vijay M},
title = {{The Effect of the Controversial US Preventive Services Task Force Recommendations on the Use of Screening Mammography}},
journal = {Journal of the American College of Radiology},
year = {2013},
volume = {10},
number = {1},
pages = {21--24},
month = jan
}

@article{Malmgren:2012gx,
author = {Malmgren, Judith A and Parikh, Jay and Atwood, Mary K and Kaplan, Henry G},
title = {{Impact of Mammography Detection on the Course of Breast Cancer in Women Aged 40--49 Years}},
journal = {Radiology},
year = {2012},
volume = {262},
number = {3},
pages = {797--806},
month = mar
}

@article{Lynge:vh,
author = {Lynge, Elsebeth and Ponti, Antonio and James, Ted and M{\'a}jek, Ond{\v r}ej and von Euler-Chelpin, My and Anttila, Ahti and Fitzpatrick, Patricia and Frigerio, Alfonso and Kawai, Masaaki and Scharpantgen, Astrid and Broeders, Mireille and Hofvind, Solveig and Vidal, Carmen and Ederra, Maria and Salas, Dolores and Bulliard, Jean-Luc and Tomatis, Mariano and Kerlikowske, Karla and Taplin, Stephen},
title = {{Variation in detection of ductal carcinoma in situ during screening mammography: A survey within the International Cancer Screening Network}},
journal = {European Journal of Cancer},
volume = {50},
number = {1},
pages = {185--192}
}

@article{Castellino:2005ke,
author = {Castellino, Ronald A},
title = {{Computer aided detection (CAD): an overview}},
journal = {Cancer Imaging},
year = {2005},
volume = {5},
number = {1},
pages = {17--19}
}

@article{Strickland:2000cv,
author = {Strickland, N},
title = {{PACS (picture archiving and communication systems): filmless radiology}},
journal = {Archives of Disease in Childhood},
year = {2000},
volume = {83},
number = {1},
pages = {82--86},
month = jul
}

@inproceedings{Oh:2011jw,
author = {Oh, Heung-Seon and Kim, Jong-Beom and Myaeng, Sung-Hyon},
title = {{Extracting targets and attributes of medical findings from radiology reports in a mixture of languages}},
booktitle = {BCB '11: Proceedings of the 2nd ACM Conference on Bioinformatics, Computational Biology and Biomedicine},
year = {2011},
publisher = { ACM  Request Permissions},
month = aug
}

@article{Bryan:1999kn,
author = {Bryan, S and Weatherburn, G C and Watkins, J R and Buxton, M J},
title = {{The benefits of hospital-wide picture archiving and communication systems: a survey of clinical users of radiology services.}},
journal = {Br J Radiol},
year = {1999},
volume = {72},
number = {857},
pages = {469--478},
month = may
}

@article{Fitzgerald:2001hn,
author = {Fitzgerald, Richard},
title = {{Error in Radiology}},
journal = {Clinical Radiology},
year = {2001},
volume = {56},
number = {12},
pages = {938--946},
month = dec
}

@article{Anonymous:2000va,
title = {{To Err Is Human: Building a Safer Health System}},
year = {2000},
pages = {312}
}

@incollection{Shotton:2006ja,
author = {Shotton, Jamie and Winn, John and Rother, Carsten and Criminisi, Antonio},
title = {{TextonBoost: Joint Appearance, Shape and Context Modeling for Multi-class Object Recognition and Segmentation}},
booktitle = {Lecture Notes in Computer Science},
year = {2006},
editor = {Leonardis, Ale{\v s} and Bischof, Horst and Pinz, Axel},
pages = {1--15},
publisher = {Springer Berlin / Heidelberg},
address = {Berlin, Heidelberg}
}

@incollection{Rubin:2005jg,
author = {Rubin, Daniel and Burnside, Elizabeth and Shachter, Ross},
title = {{A Bayesian Network to Assist Mammography Interpretation}},
booktitle = {International Series in Operations Research {\&}amp; Management Science},
year = {2005},
editor = {Brandeau, Margaret L and Sainfort, Fran{\c c}ois and Pierskalla, William P},
pages = {695--720},
publisher = {Springer US},
address = {Boston}
}

@article{Jackson:2009fw,
author = {Jackson, Sara L and Taplin, Stephen H and Sickles, Edward A and Abraham, Linn and Barlow, William E and Carney, Patricia A and Geller, Berta and Berns, Eric A and Cutter, Gary R and Elmore, Joann G},
title = {{Variability of interpretive accuracy among diagnostic mammography facilities.}},
journal = {Journal of the National Cancer Institute},
year = {2009},
volume = {101},
number = {11},
pages = {814--827},
month = jun
}

@article{Burnside:2000wl,
author = {Burnside, Elizabeth and Rubin, Daniel and Shachter, Ross},
title = {{A Bayesian network for mammography.}},
journal = {Proceedings of the AMIA Symposium},
year = {2000},
pages = {106--110}
}

@article{Elmore:2009vu,
author = {Elmore, Joann G and Jackson, Sara L and Abraham, Linn and Miglioretti, Diana L. and Carney, Patricia A and Geller, Berta M. and Yankaskas, Bonnie C. and Kerlikowske, Karla and Onega, Tracy and Rosenberg, Robert D. and Sickles, Edward A and Buist, Diana S.M.},
title = {{Variability in Interpretive Performance at Screening Mammography and Radiologists' Characteristics Associated with Accuracy1}},
journal = {Radiology},
year = {2009},
volume = {253},
number = {3},
pages = {641--651},
month = jan
}

@article{Kalager:2012ez,
author = {Kalager, Mette and Adami, Hans-Olov and Bretthauer, Michael and Tamimi, Rulla M.},
title = {{Overdiagnosis of Invasive Breast Cancer Due to Mammography Screening: Results From the Norwegian Screening Program}},
journal = {Annals of Internal Medicine},
year = {2012},
volume = {156},
number = {7},
pages = {491--499},
month = jan
}

@article{Summers:dd,
author = {Summers, Ronald M.},
title = {{Evaluation of Computer-aided Detection Devices: Consensus Is Developing}},
journal = {Academic radiology},
volume = {19},
number = {4},
pages = {377--379}
}

@article{Gallas:2012eg,
author = {Gallas, Brandon D and Chan, Heang-Ping and D'Orsi, Carl J and Dodd, Lori E and Giger, Maryellen L and Gur, David and Krupinski, Elizabeth A and Metz, Charles E and Myers, Kyle J and Obuchowski, Nancy A and Sahiner, Berkman and Toledano, Alicia Y and Zuley, Margarita L},
title = {{Evaluating Imaging and Computer-aided Detection and Diagnosis Devices at the FDA}},
journal = {Academic radiology},
year = {2012},
volume = {19},
number = {4},
pages = {463--477},
month = apr
}

@article{Saunders:2006bu,
author = {Saunders, R S and Samei, E},
title = {{Improving mammographic decision accuracy by incorporating observer ratings with interpretation time}},
journal = {Br J Radiol},
year = {2006},
volume = {79},
number = {Special_Issue_2},
pages = {S117--122},
month = jan
}

@article{Boyer:2012gk,
author = {Boyer, Bruno and Canale, Sandra and Arfi-Rouche, Julia and Monzani, Quentin and Wassef, Khaled and Balleyguier, Corinne},
title = {{Variability and errors when applying the BIRADS mammography classification.}},
journal = {European journal of radiology},
year = {2012},
month = apr
}

@article{Brennan:2007ju,
author = {Brennan, Alan and Kharroubi, Samer and O'Hagan, Anthony and Chilcott, Jim},
title = {{Calculating Partial Expected Value of Perfect Information via Monte Carlo Sampling Algorithms}},
journal = {Medical Decision Making},
year = {2007},
volume = {27},
number = {4},
pages = {448--470},
month = jul
}

@article{Berlin:2006if,
author = {Berlin, Leonard},
title = {{Replacing Traditional Text Radiology Reports with Image-Centric Reports: A Shift from Epiphany to Enigma?}},
journal = {American Journal of Roentgenology},
year = {2006},
volume = {187},
number = {5},
pages = {1156--1159},
month = jan
}

@article{Reiner:2006fa,
author = {Reiner, Bruce and Siegel, Eliot},
title = {{Radiology Reporting: Returning to Our Image-Centric Roots}},
journal = {American Journal of Roentgenology},
year = {2006},
volume = {187},
number = {5},
pages = {1151--1155},
month = jan
}

@article{Miller:1994cx,
author = {Miller, Randolph A.},
title = {{Medical Diagnostic Decision Support Systems---Past, Present, And Future: A Threaded Bibliography and Brief Commentary}},
journal = {Journal of the American Medical Informatics Association},
year = {1994},
volume = {1},
number = {1},
pages = {8--27},
month = jan
}

@article{TheCancerGenomeAtlasNetwork:2012fy,
author = {{The Cancer Genome Atlas Network} and {Genome sequencing centres: Washington University in St Louis} and Koboldt, Daniel C and Fulton, Robert S and McLellan, Michael D and Schmidt, Heather and Kalicki-Veizer, Joelle and McMichael, Joshua F and Fulton, Lucinda L and Dooling, David J and Ding, Li and Mardis, Elaine R and Wilson, Richard K and {Genome characterization centres: BC Cancer Agency} and Ally, Adrian and Balasundaram, Miruna and Butterfield, Yaron S N and Carlsen, Rebecca and Carter, Candace and Chu, Andy and Chuah, Eric and Chun, Hye-Jung E and Coope, Robin J N and Dhalla, Noreen and Guin, Ranabir and Hirst, Carrie and Hirst, Martin and Holt, Robert A and Lee, Darlene and Li, Haiyan I and Mayo, Michael and Moore, Richard A and Mungall, Andrew J and Pleasance, Erin and Gordon Robertson, A and Schein, Jacqueline E and Shafiei, Arash and Sipahimalani, Payal and Slobodan, Jared R and Stoll, Dominik and Tam, Angela and Thiessen, Nina and Varhol, Richard J and Wye, Natasja and Zeng, Thomas and Zhao, Yongjun and Birol, Inanc and Jones, Steven J M and Marra, Marco A and {Broad Institute} and Cherniack, Andrew D and Saksena, Gordon and Onofrio, Robert C and Pho, Nam H and Carter, Scott L and Schumacher, Steven E and Tabak, Barbara and Hernandez, Bryan and Gentry, Jeff and Nguyen, Huy and Crenshaw, Andrew and Ardlie, Kristin and Beroukhim, Rameen and Winckler, Wendy and Getz, Gad and Gabriel, Stacey B and Meyerson, Matthew and {Brigham {\&} Women's Hospital {\&} Harvard Medical School} and Chin, Lynda and Park, Peter J and Kucherlapati, Raju and {University of North Carolina, Chapel Hill} and Hoadley, Katherine A and Todd Auman, J and Fan, Cheng and Turman, Yidi J and Shi, Yan and Li, Ling and Topal, Michael D and He, Xiaping and Chao, Hann-Hsiang and Prat, Aleix and Silva, Grace O and Iglesia, Michael D and Zhao, Wei and Usary, Jerry and Berg, Jonathan S and Adams, Michael and Brooker, Jessica and Wu, Junyuan and Gulabani, Anisha and Bodenheimer, Tom and Hoyle, Alan P and Simons, Janae V and Soloway, Matthew G and Mose, Lisle E and Jefferys, Stuart R and Balu, Saianand and Parker, Joel S and Neil Hayes, D and Perou, Charles M and {University of Southern California/Johns Hopkins} and Malik, Simeen and Mahurkar, Swapna and Shen, Hui and Weisenberger, Daniel J and Triche Jr, Timothy and Lai, Phillip H and Bootwalla, Moiz S and Maglinte, Dennis T and Berman, Benjamin P and Van Den Berg, David J and Baylin, Stephen B and Laird, Peter W and {Genome data analysis: Baylor College of Medicine} and Creighton, Chad J and Donehower, Lawrence A and {Broad Institute} and Getz, Gad and Noble, Michael and Voet, Doug and Saksena, Gordon and Gehlenborg, Nils and Dicara, Daniel and Zhang, Juinhua and Zhang, Hailei and Wu, Chang-Jiun and Yingchun Liu, Spring and Lawrence, Michael S and Zou, Lihua and Sivachenko, Andrey and Lin, Pei and Stojanov, Petar and Jing, Rui and Cho, Juok and Sinha, Raktim and Park, Richard W and Nazaire, Marc-Danie and Robinson, Jim and Thorvaldsdottir, Helga and Mesirov, Jill and Park, Peter J and Chin, Lynda and {Institute for Systems Biology} and Reynolds, Sheila and Kreisberg, Richard B and Bernard, Brady and Bressler, Ryan and Erkkila, Timo and Lin, Jake and Thorsson, Vesteinn and Zhang, Wei and Shmulevich, Ilya and {Memorial Sloan-Kettering Cancer Center} and Ciriello, Giovanni and Weinhold, Nils and Schultz, Nikolaus and Gao, Jianjiong and Cerami, Ethan and Gross, Benjamin and Jacobsen, Anders and Sinha, Rileen and Arman Aksoy, B and Antipin, Yevgeniy and Reva, Boris and Shen, Ronglai and Taylor, Barry S and Ladanyi, Marc and Sander, Chris and {Oregon Health {\&} Science University} and Anur, Pavana and Spellman, Paul T and {The University of Texas MD Anderson Cancer Center} and Lu, Yiling and Liu, Wenbin and Verhaak, Roel R G and Mills, Gordon B and Akbani, Rehan and Zhang, Nianxiang and Broom, Bradley M and Casasent, Tod D and Wakefield, Chris and Unruh, Anna K and Baggerly, Keith and Coombes, Kevin and Weinstein, John N. and {University of California, Santa Cruz/Buck Institute} and Haussler, David and Benz, Christopher C and Stuart, Joshua M and Benz, Stephen C and Zhu, Jingchun and Szeto, Christopher C and Scott, Gary K and Yau, Christina and Paull, Evan O and Carlin, Daniel and Wong, Christopher and Sokolov, Artem and Thusberg, Janita and Mooney, Sean and Ng, Sam and Goldstein, Theodore C and Ellrott, Kyle and Grifford, Mia and Wilks, Christopher and Ma, Singer and Craft, Brian and {NCI} and Yan, Chunhua and Hu, Ying and Meerzaman, Daoud and {Biospecimen core resource: Nationwide Children's Hospital Biospecimen Core Resource} and Gastier-Foster, Julie M and Bowen, Jay and Ramirez, Nilsa C and Black, Aaron D and Xpath Error Unknown Variable Tname...},
title = {{Comprehensive molecular portraits of human breast tumours.}},
journal = {Nature {\ldots}},
year = {2012},
month = sep
}

@article{Burnside:2009br,
author = {Burnside, Elizabeth S and Davis, Jesse and Chhatwal, Jagpreet and Alagoz, Oguzhan and Lindstrom, Mary J and Geller, Berta M. and Littenberg, Benjamin and Shaffer, Katherine A and Kahn, Charles E and Page, C David},
title = {{Probabilistic Computer Model Developed from Clinical Data in National Mammography Database Format to Classify Mammographic Findings1}},
journal = {Radiology},
year = {2009},
volume = {251},
number = {3},
pages = {663--672},
month = jun
}

@article{Levinson:1994ko,
author = {Levinson, Wendy},
title = {{Physician-Patient Communication}},
journal = {JAMA: The Journal of the American Medical Association},
year = {1994},
volume = {272},
number = {20},
pages = {1619--1620},
month = jan
}

@inproceedings{Fulkerson:2009gv,
author = {Fulkerson, Brian and Vedaldi, Andrea and Soatto, Stefano},
title = {{Class segmentation and object localization with superpixel neighborhoods}},
booktitle = {Computer Vision, 2007. ICCV 2007. IEEE 11th International Conference on},
year = {2009},
pages = {670--677},
publisher = {IEEE}
}

@book{Coiera:2003vd,
author = {Coiera, Enrico},
title = {{Guide to Health Informatics}},
publisher = {Hodder Arnold},
year = {2003},
address = {London},
edition = {2nd},
month = jan
}

@article{Gierach:2012co,
author = {Gierach, Gretchen L and Ichikawa, Laura and Kerlikowske, Karla and Brinton, Louise A and Farhat, Ghada N and Vacek, Pamela M and Weaver, Donald L and Schairer, Catherine and Taplin, Stephen H and Sherman, Mark E},
title = {{Relationship Between Mammographic Density and Breast Cancer Death in the Breast Cancer Surveillance Consortium}},
journal = {Journal of the National Cancer Institute},
year = {2012},
volume = {104},
number = {16},
pages = {1218--1227},
month = jan
}

@article{Fung:2006di,
author = {Fung, Hon-Chung and Scholz, Sonja and Matarin, Mar and Sim{\'o}n-S{\'a}nchez, Javier and Hernandez, Dena and Britton, Angela and Gibbs, J Raphael and Langefeld, Carl and Stiegert, Matt L and Schymick, Jennifer and Okun, Michael S and Mandel, Ronald J and Fernandez, Hubert H and Foote, Kelly D and Rodr{\'\i}guez, Ram{\'o}n L and Peckham, Elizabeth and De Vrieze, Fabienne Wavrant and Gwinn-Hardy, Katrina and Hardy, John A and Singleton, Andrew},
title = {{Genome-wide genotyping in Parkinson's disease and neurologically normal controls: first stage analysis and public release of data.}},
journal = {Lancet neurology},
year = {2006},
volume = {5},
number = {11},
pages = {911--916},
month = nov
}

@article{Taplin:2008bv,
author = {Taplin, Stephen and Abraham, Linn and Barlow, William E and Fenton, Joshua J. and Berns, Eric A and Carney, Patricia A and Cutter, Gary R and Sickles, Edward A and Carl, D'Orsi and Elmore, Joann G},
title = {{Mammography Facility Characteristics Associated With Interpretive Accuracy of Screening Mammography}},
journal = {Journal of the National Cancer Institute},
year = {2008},
volume = {100},
number = {12},
pages = {876--887},
month = jan
}

@article{Tibshirani:2002ht,
author = {Tibshirani, Robert and Hastie, Trevor and Narasimhan, Balasubramanian and Chu, Gilbert},
title = {{Diagnosis of multiple cancer types by shrunken centroids of gene expression}},
journal = {Proceedings of the National Academy of Sciences},
year = {2002},
volume = {99},
number = {10},
pages = {6567--6572},
month = jan
}

@article{Beam:1996ui,
author = {Beam, Craig A and M, Layde Peter and Sullivan, Daniel C.},
title = {{Variability in the Interpretation of Screening Mammograms by US Radiologists: Findings From a National Sample}},
journal = {Arch Intern Med},
year = {1996},
volume = {156},
number = {2},
pages = {209--213},
month = jan
}

@article{Howard:1966kg,
author = {Howard, R.A.},
title = {{Information Value Theory}},
journal = {IEEE Transactions on Systems Science and Cybernetics},
year = {1966},
volume = {2},
number = {1},
pages = {22--26}
}

@article{Xu:2007ty,
author = {Xu, R and Garten, Y and Supekar, KS and Das, AK},
title = {{Extracting subject demographic information from ab... [Stud Health Technol Inform. 2007] - PubMed result}},
journal = {Studies in health {\ldots}},
year = {2007}
}

@article{Bleyer:2012dc,
author = {Bleyer, Archie and Welch, H Gilbert},
title = {{Effect of Three Decades of Screening Mammography on Breast-Cancer Incidence}},
journal = {N Engl J Med},
year = {2012},
volume = {367},
number = {21},
pages = {1998--2005},
month = jan
}

@article{Gail:1989ui,
author = {Gail, Mitchell H and Brinton, Louise A and Byar, David P and Corle, Donald K and Green, Sylvan B and Schairer, Catherine and Mulvihill, John J},
title = {{Projecting Individualized Probabilities of Developing Breast Cancer for White Females Who Are Being Examined Annually}},
journal = {Journal of the National Cancer Institute},
year = {1989},
volume = {81},
number = {24},
pages = {1879--1886},
month = jan
}

@article{Beam:1996hi,
author = {Beam, Craig A and M, Layde Peter and Sullivan, Daniel C.},
title = {{Variability in the Interpretation of Screening Mammograms by US RadiologistsFindings From a National Sample}},
journal = {Arch Intern Med},
year = {1996},
volume = {156},
number = {2},
pages = {209--213},
month = jan
}

@article{Berg:2002fy,
author = {Berg, Wendie A and D'Orsi, Carl J and Jackson, Valerie P and Bassett, Lawrence W and Beam, Craig A and Lewis, Rebecca S and Crewson, Philip E},
title = {{Does Training in the Breast Imaging Reporting and Data System (BI-RADS) Improve Biopsy Recommendations or Feature Analysis Agreement with Experienced Breast Imagers at Mammography?1}},
journal = {Radiology},
year = {2002},
volume = {224},
number = {3},
pages = {871--880},
month = jan
}

@article{Shachter:1986fb,
author = {Shachter, Ross D},
title = {{Evaluating Influence Diagrams}},
journal = {Operations Research},
year = {1986},
volume = {34},
number = {6},
pages = {871--882},
month = nov
}

@article{Shachter:1988gy,
author = {Shachter, Ross D},
title = {{Probabilistic Inference and Influence Diagrams}},
journal = {Operations Research},
year = {1988},
volume = {36},
number = {4},
pages = {589--604},
month = jul
}

@article{Noumeir:2006cb,
author = {Noumeir, Rita},
title = {{Radiology interpretation process modeling}},
journal = {Journal of biomedical informatics},
year = {2006},
volume = {39},
number = {2},
pages = {103--114},
month = apr
}

@article{Poon:1994tb,
author = {Poon, A D and Fagan, L M},
title = {{PEN-Ivory: the design and evaluation of a pen-based computer system for structured data entry.}},
journal = {Proceedings / the ... Annual Symposium on Computer Application [sic] in Medical Care. Symposium on Computer Applications in Medical Care},
year = {1994},
pages = {447--451}
}

@article{Goldstein:2000tt,
author = {Goldstein, M K and Hoffman, B B and Coleman, R W and Musen, M A and Tu, S W and Advani, A and Shankar, R and O'Connor, M},
title = {{Implementing clinical practice guidelines while taking account of changing evidence: ATHENA DSS, an easily modifiable decision-support system for managing hypertension in primary care.}},
journal = {Proceedings / AMIA ... Annual Symposium. AMIA Symposium},
year = {2000},
pages = {300--304}
}

@article{Sun:2011eo,
author = {Sun, Yunpeng and Apley, Daniel W. and Staum, Jeremy},
title = {{Efficient Nested Simulation for Estimating the Variance of a Conditional Expectation}},
journal = {Operations Research},
year = {2011},
volume = {59},
number = {4},
pages = {998--1007},
month = sep
}

@article{Howard:1965gi,
author = {Howard, R.A.},
title = {{Bayesian Decision Models for System Engineering}},
journal = {IEEE Transactions on Systems Science and Cybernetics},
year = {1965},
volume = {1},
number = {1},
pages = {36--40}
}

@booklet{Pearl:1988wk,
title = {{Probabilistic reasoning in intelligent systems: networks of plausible inference}},
author = {Pearl, Judea},
howpublished = {Morgan Kaufmann Publishers, Inc.},
address = {San Francisco, CA},
year = {1988}
}

@book{Lepar:1998vx,
author = {Lepar, Vasilica and Shenoy, Prakash P},
title = {{A comparison of Lauritzen-Spiegelhalter, Hugin, and Shenoy-Shafer architectures for computing marginals of probability distributions}},
publisher = {Morgan Kaufmann Publishers Inc.},
year = {1998},
month = jul
}

@article{Do:2012hk,
author = {Do, Bao H and Wu, Andrew S and Maley, Joan and Biswal, Sandip},
title = {{Automatic Retrieval of Bone Fracture Knowledge Using Natural Language Processing.}},
journal = {Journal of Digital Imaging},
year = {2012},
month = oct
}

@article{Platt:2000te,
author = {Platt, Robert W and Hanley, James A and Yang, Hong},
title = {{Bootstrap confidence intervals for the sensitivity of a quantitative diagnostic test}},
journal = {Statistics in medicine},
year = {2000},
volume = {19},
number = {3},
pages = {313--322}
}

@article{Elmore:2012er,
author = {Elmore, Joann G and Wells, Carolyn K and Lee, Carol H and Howard, Debra H and Feinstein, Alvan R},
title = {{Variability in Radiologists' Interpretations of Mammograms}},
journal = {N Engl J Med},
year = {2012},
volume = {331},
number = {22},
pages = {1493--1499},
month = jan
}

@article{Friedman:2004jd,
author = {Friedman, C},
title = {{Automated Encoding of Clinical Documents Based on Natural Language Processing}},
journal = {Journal of the American Medical Informatics Association},
year = {2004},
volume = {11},
number = {5},
pages = {392--402},
month = jun
}

@article{Elmore:2002vc,
author = {Elmore, Joann G and Miglioretti, Diana L. and Reisch, Lisa M and Barton, Mary B and Kreuter, William and Christiansen, Cindy L and Fletcher, Suzanne W},
title = {{Screening Mammograms by Community Radiologists: Variability in False-Positive Rates}},
journal = {Journal of the National Cancer Institute},
year = {2002},
volume = {94},
number = {18},
pages = {1373--1380},
month = jan
}

@article{Heath:2001tq,
author = {Heath, M and Bowyer, K and Kopans, D and Moore, R and Kegelmeyer, P},
title = {{The digital database for screening mammography}},
journal = {Proceedings of the Fifth International Workshop on Digital Mammography},
year = {2001},
pages = {212--218}
}

@article{Naik:2001tt,
author = {Naik, Sandeep S. and Hanbidge, Anthony and Wilson, Stephanie R.},
title = {{Radiology Reports: Examining Radiologist and Clinician Preferences Regarding Style and Content}},
journal = {American Journal of Roentgenology},
year = {2001},
volume = {176},
number = {3},
pages = {591--598},
month = jan
}

@article{Fischl:bb,
author = {Fischl, Bruce and Salat, David H. and Busa, Evelina and Albert, Marilyn and Dieterich, Megan and Haselgrove, Christian and van der Kouwe, Andre and Killiany, Ron and Kennedy, David and Klaveness, Shuna and Montillo, Albert and Makris, Nikos and Rosen, Bruce and Dale, Anders M.},
title = {{Whole Brain Segmentation: Automated Labeling of Neuroanatomical Structures in the Human Brain}},
journal = {Neuron},
volume = {33},
number = {3},
pages = {341--355}
}

@article{Rutter:2000kl,
author = {Rutter, Carolyn M},
title = {{Bootstrap estimation of diagnostic accuracy with patient-clustered data}},
journal = {Academic radiology},
year = {2000},
volume = {7},
number = {6},
pages = {413--419},
month = jun
}

@article{Huang:2005dz,
author = {Huang, Y},
title = {{Improved Identification of Noun Phrases in Clinical Radiology Reports Using a High-Performance Statistical Natural Language Parser Augmented with the UMLS Specialist Lexicon}},
journal = {Journal of the American Medical Informatics Association},
year = {2005},
volume = {12},
number = {3},
pages = {275--285},
month = jan
}

@article{Hobby:2000th,
author = {Hobby, J L and Tom, B D and Todd, C and Bearcroft, P W and Dixon, A K},
title = {{Communication of doubt and certainty in radiological reports.}},
journal = {British Journal of Radiology},
year = {2000},
volume = {73},
number = {873},
pages = {999--1001},
month = jan
}

@article{Zhang:2001dy,
author = {Zhang, Y and Brady, M and Smith, S},
title = {{Segmentation of brain MR images through a hidden Markov random field model and the expectation-maximization algorithm}},
journal = {Medical Imaging, IEEE Transactions on},
year = {2001},
volume = {20},
number = {1},
pages = {45--57}
}

@article{Martin:2004bc,
author = {Martin, D.R and Fowlkes, C.C and Malik, J},
title = {{Learning to detect natural image boundaries using local brightness, color, and texture cues}},
journal = {Pattern Analysis and Machine Intelligence, IEEE Transactions on},
year = {2004},
volume = {26},
number = {5},
pages = {530--549}
}

@article{Gershanik:2011uq,
author = {Gershanik, Esteban F and Lacson, Ronilda and Khorasani, Ramin},
title = {{Critical finding capture in the impression section of radiology reports.}},
journal = {AMIA Annual Symposium proceedings / AMIA Symposium AMIA Symposium},
year = {2011},
volume = {2011},
pages = {465--469}
}

@article{George:2000tq,
author = {George, S A},
title = {{Barriers to breast cancer screening: an integrative review.}},
journal = {Health care for women international},
year = {2000},
volume = {21},
number = {1},
pages = {53--65}
}

@article{Hripcsak:2005hr,
author = {Hripcsak, George and Rothschild, Adam S},
title = {{Agreement, the F-Measure, and Reliability in Information Retrieval}},
journal = {Journal of the American Medical Informatics Association},
year = {2005},
volume = {12},
number = {3},
pages = {296--298},
month = jan
}

@article{Braithwaite:2013jn,
author = {Braithwaite, Dejana and Zhu, Weiwei and Hubbard, Rebecca A and O'Meara, Ellen S. and Miglioretti, Diana L. and Geller, Berta and Dittus, Kim and Moore, Dan and Wernli, Karen J and Mandelblatt, Jeanne and Kerlikowske, Karla and Consortium, for the Breast Cancer Surveillance},
title = {{Screening Outcomes in Older US Women Undergoing Multiple Mammograms in Community Practice: Does Interval, Age or Comorbidity Score Affect Tumor Characteristics or False Positive Rates?}},
journal = {Journal of the National Cancer Institute},
year = {2013},
month = jan
}

@article{Depeursinge:2010jl,
author = {Depeursinge, Adrien and Racoceanu, Daniel and Iavindrasana, Jimison and Cohen, Gilles and Platon, Alexandra and Poletti, Pierre-Alexandre and M{\"u}ller, Henning},
title = {{Fusing visual and clinical information for lung tissue classification in high-resolution computed tomography}},
journal = {Artificial Intelligence in Medicine},
year = {2010},
volume = {50},
number = {1},
pages = {13--21},
month = sep
}

@article{Huang:2007es,
author = {Huang, Y and Lowe, H J},
title = {{A Novel Hybrid Approach to Automated Negation Detection in Clinical Radiology Reports}},
journal = {Journal of the American Medical Informatics Association},
year = {2007},
volume = {14},
number = {3},
pages = {304--311},
month = feb
}

@article{Reed:2009dh,
author = {Reed, W and Poulos, A and Rickard, M and Brennan, P},
title = {{Reader practice in mammography screen reporting in Australia}},
journal = {Journal of Medical Imaging and Radiation Oncology},
year = {2009},
volume = {53},
number = {6},
pages = {530--537}
}

@article{Depeursinge:2012ce,
author = {Depeursinge, Adrien and Vargas, Alejandro and Platon, Alexandra and Geissbuhler, Antoine and Poletti, Pierre-Alexandre and M{\"u}ller, Henning},
title = {{Building a reference multimedia database for interstitial lung diseases}},
journal = {Computerized Medical Imaging and Graphics},
year = {2012},
volume = {36},
number = {3},
pages = {227--238},
month = apr
}

@article{Brodersen:2013kq,
author = {Brodersen, John and Siersma, Volkert Dirk},
title = {{Long-Term Psychosocial Consequences of False-Positive Screening Mammography}},
journal = {The Annals of Family Medicine},
year = {2013},
volume = {11},
number = {2},
pages = {106--115},
month = mar
}

@article{Kerlikowske:2013ej,
author = {Kerlikowske, Karla and Zhu, Weiwei and Hubbard, Rebecca A and Geller, Berta and Dittus, Kim and Braithwaite, Dejana and Wernli, Karen J and Miglioretti, Diana L. and O'Meara, Ellen S. and {for the Breast Cancer Surveillance Consortium}},
title = {{Outcomes of Screening Mammography by Frequency, Breast Density, and Postmenopausal Hormone Therapy.}},
journal = {JAMA internal medicine},
year = {2013},
pages = {1--10},
month = mar
}

@article{Autier:2011wt,
author = {Autier, Philippe and Boniol, Mathieu and Gavin, Anna and Vatten, Lars J},
title = {{Breast cancer mortality in neighbouring European countries with different levels of screening but similar access to treatment: trend analysis of WHO mortality database.}},
journal = {BMJ},
year = {2011},
volume = {343},
pages = {d4411}
}

@article{Niles:2012vy,
author = {Niles, Brad J and Mogri, Huzefa and Hill, Andrew and Vlahakis, Ariadne and Powers, Ted},
title = {{Plasma membrane recruitment and activation of the AGC kinase Ypk1 is mediated by target of rapamycin complex 2 (TORC2) and its effector proteins Slm1 and Slm2}},
journal = {Proceedings of the National Academy of Sciences},
year = {2012},
volume = {109},
number = {5},
pages = {1536--1541},
month = jan
}

@article{Harvey:2004tv,
author = {Harvey, J.A. and Bovbjerg, V.E.},
title = {{Quantitative Assessment of Mammographic Breast Density: Relationship with Breast Cancer Risk1}},
journal = {Radiology},
year = {2004},
volume = {230},
number = {1},
pages = {29--41}
}

@article{Fenton:2012kz,
author = {Fenton, Joshua J. and Taplin, Stephen H and Carney, Patricia A and Abraham, Linn and Sickles, Edward A and D'Orsi, Carl and Berns, Eric A and Cutter, Gary and Hendrick, R Edward and Barlow, William E and Elmore, Joann G},
title = {{Influence of Computer-Aided Detection on Performance of Screening Mammography}},
journal = {N Engl J Med},
year = {2012},
volume = {356},
number = {14},
pages = {1399--1409},
month = jan
}

@article{Byrne:1997hp,
author = {Byrne, Celia},
title = {{Studying Mammographic Density: Implications for Understanding Breast Cancer}},
journal = {Journal of the National Cancer Institute},
year = {1997},
volume = {89},
number = {8},
pages = {531--532},
month = jan
}

@inproceedings{Friedman:1996tu,
author = {Friedman, N and Goldszmidt, M},
title = {{Building classifiers using Bayesian networks}},
booktitle = {Proceedings of the national conference on {\ldots}},
year = {1996}
}

@article{Schwartz:2011em,
author = {Schwartz, Lawrence H and Panicek, David M. and Berk, Alexandra R. and Li, Yuelin and Hricak, Hedvig},
title = {{Improving Communication of Diagnostic Radiology Findings through Structured Reporting}},
journal = {Radiology},
year = {2011},
volume = {260},
number = {1},
pages = {174--181},
month = jan
}

@article{Barlow:2004cy,
author = {Barlow, William E and Chi, Chen and Carney, Patricia A and Taplin, Stephen H and D'Orsi, Carl and Cutter, Gary and Hendrick, R Edward and Elmore, Joann G},
title = {{Accuracy of Screening Mammography Interpretation by Characteristics of Radiologists}},
journal = {Journal of the National Cancer Institute},
year = {2004},
volume = {96},
number = {24},
pages = {1840--1850},
month = jan
}

@article{Robinson:1997uq,
author = {Robinson, P J},
title = {{Radiology's Achilles' heel: error and variation in the interpretation of the R{\"o}ntgen image.}},
journal = {British Journal of Radiology},
year = {1997},
volume = {70},
number = {839},
pages = {1085--1098},
month = jan
}

@article{Meier:2008we,
author = {Meier, L and Van De Geer, S},
title = {{The group lasso for logistic regression}},
journal = {group},
year = {2008}
}

@article{Nelson:2012ur,
author = {Nelson, Heidi D. and Zakher, Bernadette and Cantor, Amy and Fu, Rongwei and Griffin, Jessica and O'Meara, Ellen S. and Buist, Diana S.M. and Kerlikowske, Karla and van Ravesteyn, Nicolien T. and Trentham-Dietz, Amy and Mandelblatt, Jeanne S. and Miglioretti, Diana L.},
title = {{Risk Factors for Breast Cancer for Women Aged 40 to 49 Years}},
journal = {Annals of Internal Medicine},
year = {2012},
volume = {156},
number = {9},
pages = {635--648},
month = jan
}

@article{Duffy:2008fp,
author = {Duffy, Stephen W and Nagtegaal, Iris D and Astley, Susan M and Gillan, Maureen G C and McGee, Magnus A and Boggis, Caroline R M and Wilson, Mary and Beetles, Ursula M and Griffiths, Miriam A and Jain, Anil K and Johnson, Jill and Roberts, Rita and Deans, Heather and Duncan, Karen A and Iyengar, Geeta and Griffiths, Pam M and Warwick, Jane and Cuzick, Jack and Gilbert, Fiona J},
title = {{Visually assessed breast density, breast cancer risk and the importance of the craniocaudal view.}},
journal = {Breast Cancer Research : BCR},
year = {2008},
volume = {10},
number = {4},
pages = {R64}
}

@article{Ko:2011jl,
author = {Ko, Byoung and Lee, JiHyeon and Nam, Jae-Yeal},
title = {{Automatic medical image annotation and keyword-based image retrieval using relevance feedback}},
journal = {Journal of digital imaging : the official journal of the Society for Computer Applications in Radiology},
year = {2011},
pages = {1--12},
month = dec
}

@article{Ko:2011iv,
author = {Ko, Byoung and Kim, Seong and Nam, Jae-Yeal},
title = {{X-ray Image Classification Using Random Forests with Local Wavelet-Based CS-Local Binary Patterns}},
journal = {Journal of digital imaging : the official journal of the Society for Computer Applications in Radiology},
year = {2011},
volume = {24},
number = {6},
pages = {1141--1151},
month = apr
}

@article{Fenton:2011fw,
author = {Fenton, Joshua J. and Abraham, Linn and Taplin, Stephen H and Geller, Berta M. and Carney, Patricia A and D'Orsi, Carl and Elmore, Joann G and Barlow, William E and Consortium, for the Breast Cancer Surveillance},
title = {{Effectiveness of Computer-Aided Detection in Community Mammography Practice}},
journal = {Journal of the National Cancer Institute},
year = {2011},
volume = {103},
number = {15},
pages = {1152--1161},
month = jan
}

@article{Nystrom:2002hb,
author = {Nystr{\"o}m, Lennarth and Andersson, Ingvar and Bjurstam, Nils and Frisell, Jan and Nordenskj{\"o}ld, Bo and Rutqvist, Lars Erik},
title = {{Long-term effects of mammography screening: updated overview of the Swedish randomised trials.}},
journal = {The Lancet},
year = {2002},
volume = {359},
number = {9310},
pages = {909--919},
month = mar
}

@article{Akcay:2009wd,
author = {Ak{\c c}ay, Ozan and Alpko{\c c}ak, Adil and Balcı, Pınar and Dicle, O{\u g}uz},
title = {{MuDMaDs: A Multipurpose Digital Mammography Reference Dataset}},
journal = {Proceedings of 6th National Medical Informatics Conference},
year = {2009}
}

@article{Ades:2004ch,
author = {Ades, A E and Lu, G and Claxton, K},
title = {{Expected Value of Sample Information Calculations in Medical Decision Modeling}},
journal = {Medical Decision Making},
year = {2004},
volume = {24},
number = {2},
pages = {207--227},
month = apr
}

@article{Zhang:ux,
author = {Zhang, B},
title = {{Binary vector dissimilarity measures for handwriting identification}},
journal = {Proc. of SPIE Vol}
}

@article{Hall:2009fs,
author = {Hall, Mark and Frank, Eibe and Holmes, Geoffrey and Pfahringer, Bernhard and Reutemann, Peter and Witten, Ian H},
title = {{The WEKA data mining software: an update}},
journal = {ACM SIGKDD Explorations Newsletter},
year = {2009},
volume = {11},
number = {1},
pages = {10--18}
}

@article{Esserman:2002vg,
author = {Esserman, Laura and Cowley, Helen and Eberle, Carey and Kirkpatrick, Alastair and Chang, Sophia and Berbaum, Kevin and Gale, Alastair},
title = {{Improving the Accuracy of Mammography: Volume and Outcome Relationships}},
journal = {Journal of the National Cancer Institute},
year = {2002},
volume = {94},
number = {5},
pages = {369--375},
month = jan
}

@book{Saltelli:2004ud,
author = {Saltelli, A and Tarantola, Francesca Campolongo and Ratto, Marco},
title = {{Sensitivity analysis in practice: A Guide To Assessing Scientific Models}},
publisher = {John Wiley {\&} Sons, Ltd},
year = {2004},
address = {West Sussex, England}
}

@inproceedings{Nassif:2009du,
author = {Nassif, H. and Woods, R. and Burnside, E and Ayvaci, M. and Shavlik, J. and Page, D.},
title = {{Information Extraction for Clinical Data Mining: A Mammography Case Study}},
booktitle = {Data Mining Workshops, 2009. ICDMW '09. IEEE International Conference on},
year = {2009},
pages = {37--42},
publisher = {IEEE}
}

@inproceedings{Petroudi:2003fa,
author = {Petroudi, S and Kadir, T and Brady, M},
title = {{Automatic classification of mammographic parenchymal patterns: a statistical approach}},
booktitle = {Engineering in Medicine and Biology Society, 2003. Proceedings of the 25th Annual International Conference of the IEEE},
year = {2003},
pages = {798--801 Vol.1},
publisher = {IEEE}
}

@article{Tusher:2001kk,
author = {Tusher, V G},
title = {{Significance analysis of microarrays applied to the ionizing radiation response}},
journal = {Proceedings of the National Academy of Sciences},
year = {2001},
volume = {98},
number = {9},
pages = {5116--5121},
month = apr
}

@article{Storey:2002gw,
author = {Storey, John D},
title = {{A direct approach to false discovery rates}},
journal = {Journal of the Royal Statistical Society: Series B (Statistical Methodology)},
year = {2002},
volume = {64},
number = {3},
pages = {479--498},
month = aug
}

@article{Rubin:2009cd,
author = {Rubin, Daniel L and Mongkolwat, Pattanasak and Kleper, Vladimir and Supekar, Kaustubh and Channin, David S},
title = {{Annotation and Image Markup: Accessing and Interoperating with the Semantic Content in Medical Imaging}},
journal = {Intelligent Systems, IEEE},
year = {2009},
volume = {24},
number = {1},
pages = {57--65}
}

@article{Storey:2003vz,
author = {Storey, John D},
title = {{The positive false discovery rate: a Bayesian interpretation and the q-value}},
journal = {The Annals of Statistics},
year = {2003},
volume = {31},
number = {6},
pages = {2013--2035},
month = dec
}

@article{Wu:2011ib,
author = {Wu, Andrew S and Do, Bao H and Kim, Jinsuh and Rubin, Daniel L},
title = {{Evaluation of negation and uncertainty detection and its impact on precision and recall in search.}},
journal = {Journal of digital imaging : the official journal of the Society for Computer Applications in Radiology},
year = {2011},
volume = {24},
number = {2},
pages = {234--242},
month = apr
}

@article{Zhu:2003tu,
author = {Zhu, H and Goodyear, B G and Lauzon, M L and Brown, R A and Mayer, G S and Law, A G and Mansinha, L and Mitchell, J R},
title = {{A new local multiscale Fourier analysis for medical imaging.}},
journal = {Medical physics},
year = {2003},
volume = {30},
number = {6},
pages = {1134--1141},
month = jun
}

@article{Ramin:2005ff,
author = {Ramin, Khorasani},
title = {{Role and Status of Information Technology Solutions in Radiology Reporting}},
journal = {Journal of the American College of Radiology},
year = {2005},
volume = {2},
number = {8},
pages = {706--707},
month = aug
}

@article{HaraldO:2004hi,
author = {Harald O, Stolberg},
title = {{Re: ``Improving the quality of radiology reporting: A physician survey to define the target'' (J Am Coll Radiol 2004;1:497--505)}},
journal = {Journal of the American College of Radiology},
year = {2004},
volume = {1},
number = {9},
pages = {700--701},
month = sep
}

@article{Johnson:2004kh,
author = {Johnson, Annette J and Ying, Jun and Swan, J.Shannon and Williams, Linda S and Applegate, Kimberly E and Littenberg, Benjamin},
title = {{Improving the quality of radiology reporting: A physician survey to define the target}},
journal = {Journal of the American College of Radiology},
year = {2004},
volume = {1},
number = {7},
pages = {497--505},
month = jul
}

@article{Smith:2003en,
author = {Smith, Robert A. and Saslow, Debbie and Sawyer, Kimberly Andrews and Burke, Wylie and Costanza, Mary E. and Evans, W. Phil and Foster, Roger S. and Hendrick, Edward and Eyre, Harmon J. and Sener, Steven},
title = {{American Cancer Society Guidelines for Breast Cancer Screening: Update 2003}},
journal = {CA: A Cancer Journal for Clinicians},
year = {2003},
volume = {53},
number = {3},
pages = {141--169}
}

@article{Liberman:2002gg,
author = {Liberman, Laura and Menell, Jennifer H},
title = {{Breast imaging reporting and data system (BI-RADS)}},
journal = {Radiologic Clinics of North America},
year = {2002},
volume = {40},
number = {3},
pages = {409--430},
month = may
}

@booklet{Saltelli:2000vn,
title = {{Sensitivity analysis}},
author = {Saltelli, A and Chan, K and Scott, EM},
year = {2000}
}

@article{Sohlich:2002cy,
author = {Sohlich, Rita E and Sickles, Edward A and Burnside, Elizabeth S and Dee, Katherine E},
title = {{Interpreting data from audits when screening and diagnostic mammography outcomes are combined.}},
journal = {AJR American journal of roentgenology},
year = {2002},
volume = {178},
number = {3},
pages = {681--686},
month = mar
}

@article{Gimenez:2012tl,
author = {Gimenez, Francisco and Xu, Jiajing and Liu, Yi and Liu, Tiffany and Beaulieu, Christopher and Rubin, Daniel and Napel, Sandy},
title = {{Automatic annotation of radiological observations in liver CT images.}},
journal = {AMIA Annual Symposium proceedings / AMIA Symposium AMIA Symposium},
year = {2012},
volume = {2012},
pages = {257--263}
}

@article{Marmot:2013ij,
author = {Marmot, Michael G},
title = {{Sorting Through the Arguments on Breast ScreeningArguments for or Against Breast Screening}},
journal = {JAMA: The Journal of the American Medical Association},
year = {2013},
volume = {309},
number = {24},
pages = {2553--2554},
month = jun
}

@article{Kachalia:2013gb,
author = {Kachalia, Allen and Mello, Michelle M},
title = {{Breast Cancer ScreeningConflicting Guidelines and Medicolegal RiskBreast Cancer Screening}},
journal = {JAMA: The Journal of the American Medical Association},
year = {2013},
volume = {309},
number = {24},
pages = {2555--2556},
month = jun
}

@article{Anonymous:2009fl,
title = {{$^{Screening for Breast Cancer: U.S. Preventive Services Task Force Recommendation Statement}$}},
journal = {Annals of Internal Medicine},
year = {2009},
volume = {151},
number = {10},
pages = {716--726},
month = nov
}

@article{Brett:2005gq,
author = {Brett, J and Bankhead, C and Henderson, B and Watson, E and Austoker, J},
title = {{The psychological impact of mammographic screening. A systematic review}},
journal = {Psycho-Oncology},
year = {2005},
volume = {14},
number = {11},
pages = {917--938}
}

@article{Oliver:2008cy,
author = {Oliver, A and Freixenet, J and Mart{\'\i}, R and Pont, J and P{\'e}rez, E and Denton, E R E and Zwiggelaar, R},
title = {{A Novel Breast Tissue Density Classification Methodology}},
journal = {IEEE transactions on information technology in biomedicine : a publication of the IEEE Engineering in Medicine and Biology Society},
year = {2008},
volume = {12},
number = {1},
pages = {55--65}
}

@article{Salz:2010cf,
author = {Salz, Talya and Richman, Alice R and Brewer, Noel T},
title = {{Meta-analyses of the effect of false-positive mammograms on generic and specific psychosocial outcomes}},
journal = {Psycho-Oncology},
year = {2010},
volume = {19},
number = {10},
pages = {1026--1034}
}

@article{Jiang:1999fj,
author = {Jiang, Yulei and Nishikawa, Robert M and Schmidt, Robert A and Metz, Charles E and Giger, Maryellen L and Doi, Kunio},
title = {{Improving breast cancer diagnosis with computer-aided diagnosis}},
journal = {Academic radiology},
year = {1999},
volume = {6},
number = {1},
pages = {22--33},
month = jan
}

@article{Yin:1991gv,
author = {Yin, Fang-Fang and Giger, Maryellen L and Doi, Kunio and Metz, Charles E and Vyborny, Carl J and Schmidt, Robert A},
title = {{Computerized detection of masses in digital mammograms: Analysis of bilateral subtraction images}},
journal = {Medical physics},
year = {1991},
volume = {18},
number = {5},
pages = {955--963}
}

@article{Giger:2013jb,
author = {Giger, Maryellen L and Karssemeijer, Nico and Schnabel, Julia A},
title = {{Breast Image Analysis for Risk Assessment, Detection, Diagnosis, and Treatment of Cancer}},
journal = {Annual Review of Biomedical Engineering},
year = {2013},
volume = {15},
number = {1},
pages = {null}
}

@article{Jamieson:2010tt,
author = {Jamieson, Andrew R and Giger, Maryellen L and Drukker, Karen and Pesce, Lorenzo L},
title = {{Enhancement of breast CADx with unlabeled data.}},
journal = {Medical physics},
year = {2010},
volume = {37},
number = {8},
pages = {4155--4172},
month = aug
}

@article{Jamieson:2010vl,
author = {Jamieson, Andrew R and Giger, Maryellen L and Drukker, Karen and Li, Hui and Yuan, Yading and Bhooshan, Neha},
title = {{Exploring nonlinear feature space dimension reduction and data representation in breast Cadx with Laplacian eigenmaps and t-SNE.}},
journal = {Medical physics},
year = {2010},
volume = {37},
number = {1},
pages = {339--351},
month = jan
}

@inproceedings{Jamieson:2012hz,
author = {Jamieson, Andrew R and Drukker, Karen and Giger, Maryellen L},
title = {{Breast image feature learning with adaptive deconvolutional networks}},
booktitle = {SPIE Medical Imaging},
year = {2012},
editor = {van Ginneken, Bram and Novak, Carol L},
pages = {831506--831506--13},
publisher = {SPIE},
month = feb
}

@article{Marcovici:2013jf,
author = {Marcovici, Peter and Blume-Marcovici, Amy},
title = {{Intuition versus Rational Thinking: Psychological Challenges in Radiology and a Potential Solution}},
journal = {Journal of the American College of Radiology},
year = {2013},
volume = {10},
number = {1},
pages = {25--29},
month = jan
}

@article{Carpenter:2000bu,
author = {Carpenter, James and Bithell, John},
title = {{Bootstrap confidence intervals: when, which, what? A practical guide for medical statisticians}},
journal = {Statistics in medicine},
year = {2000},
volume = {19},
number = {9},
pages = {1141--1164}
}

@incollection{Hormozdiari:2011dq,
author = {Hormozdiari, Fereydoun and Hajirasouliha, Iman and McPherson, Andrew and Eichler, Evan and Sahinalp, S.},
title = {{Simultaneous Structural Variation Discovery in Multiple Paired-End Sequenced Genomes}},
booktitle = {Lecture Notes in Computer Science},
year = {2011},
editor = {Bafna, Vineet and Sahinalp, S.},
pages = {104--105},
publisher = {Springer Berlin / Heidelberg SN -},
address = {Berlin, Heidelberg}
}

@article{Yousef:2009kf,
author = {Yousef, Waleed A and Kundu, Subrata and Wagner, Robert F},
title = {{Nonparametric estimation of the threshold at an operating point on the ROC curve}},
journal = {Computational Statistics {\&} Data Analysis},
year = {2009},
volume = {53},
number = {12},
pages = {4370--4383},
month = oct
}

@article{Fawcett:2006gr,
author = {Fawcett, Tom},
title = {{An introduction to ROC analysis}},
journal = {ROC Analysis in Pattern Recognition},
year = {2006},
volume = {27},
number = {8},
pages = {861--874},
month = jun
}

@article{Drabycz:2008ga,
author = {Drabycz, Sylvia and Stockwell, Robert G and Mitchell, J Ross},
title = {{Image Texture Characterization Using the Discrete Orthonormal S-Transform}},
journal = {Journal of digital imaging : the official journal of the Society for Computer Applications in Radiology},
year = {2008},
volume = {22},
number = {6},
pages = {696--708},
month = aug
}

@article{Macskassy:2004ut,
author = {Macskassy, Sofus and Provost, Foster},
title = {{Confidence Bands for ROC Curves: Methods and an Empirical Study}},
journal = {Proceedings of the First Workshop on ROC Analysis in AI},
year = {2004},
month = aug
}

@article{Macskassy:2005bb,
author = {Macskassy, Sofus A and Provost, Foster and Rosset, Saharon},
title = {{ROC confidence bands: an empirical evaluation}},
year = {2005},
pages = {537--544}
}

@inproceedings{Varadarajan:2009dx,
author = {Varadarajan, B and Yu, Dong and Deng, Li and Acero, A},
title = {{Maximizing global entropy reduction for active learning in speech recognition}},
booktitle = {Acoustics, Speech and Signal Processing, 2009. ICASSP 2009. IEEE International Conference on},
year = {2009},
pages = {4721--4724}
}

@article{Turner:2010gf,
author = {Turner, Jessica A and Mejino, Jose L V and Brinkley, James F and Detwiler, Landon T and Lee, Hyo Jong and Martone, Maryann E and Rubin, Daniel L},
title = {{Application of Neuroanatomical Ontologies for Neuroimaging Data Annotation}},
journal = {Frontiers in Neuroinformatics},
year = {2010},
volume = {4}
}

@article{Ash:2004fy,
author = {Ash, Joan S and Berg, Marc and Coiera, Enrico},
title = {{Some Unintended Consequences of Information Technology in Health Care: The Nature of Patient Care Information System-related Errors}},
journal = {Journal of the American Medical Informatics Association},
year = {2004},
volume = {11},
number = {2},
pages = {104--112},
month = jan
}

@article{Vanopstal:2011ec,
author = {Vanopstal, Klaar and Vander Stichele, Robert and Laureys, Godelieve and Buysschaert, Joost},
title = {{Vocabularies and Retrieval Tools in Biomedicine: Disentangling the Terminological Knot}},
journal = {Journal of medical systems},
year = {2011},
volume = {35},
number = {4},
pages = {527--543},
month = jan
}

@incollection{Petroudi:2006jq,
author = {Petroudi, Styliani and Brady, Michael},
title = {{Breast Density Segmentation Using Texture}},
booktitle = {Lecture Notes in Computer Science},
year = {2006},
editor = {Astley, Susan and Brady, Michael and Rose, Chris and Zwiggelaar, Reyer},
pages = {609--615},
publisher = {Springer Berlin / Heidelberg},
address = {Berlin, Heidelberg}
}

@article{Efron:1997tc,
author = {Efron, Bradley and Tibshirani, Robert},
title = {{Improvements on Cross-Validation: The .632+ Bootstrap Method}},
journal = {Journal of the American Statistical Association},
year = {1997},
volume = {92},
number = {438},
pages = {548--560},
month = jan
}

@article{Brown:2008ky,
author = {Brown, Robert A and Frayne, Richard},
title = {{A comparison of texture quantification techniques based on the Fourier and S transforms}},
journal = {Medical physics},
year = {2008},
volume = {35},
number = {11},
pages = {4998},
month = oct
}

@article{Butte:2008gc,
author = {Butte, A J},
title = {{Translational Bioinformatics: Coming of Age}},
journal = {Journal of the American Medical Informatics Association},
year = {2008},
volume = {15},
number = {6},
pages = {709--714},
month = aug
}

@article{doi:10.1056/NEJMsb053723,
author = {Zerhouni, Elias A.},
title = {{Translational and Clinical Science --- Time for a New Vision}},
journal = {New England Journal of Medicine},
year = {2005},
volume = {353},
number = {15},
pages = {1621--1623}
}

@article{Chapman:2007tb,
author = {Chapman, Wendy W. and Chu, David and Dowling, John N.},
title = {{ConText: an algorithm for identifying contextual features from clinical text}},
journal = {Proceedings of the Workshop on BioNLP 2007: Biological, Translational, and Clinical Language Processing},
year = {2007},
pages = {81--88},
month = jun
}

@article{doi:10.1056/NEJMra012479,
author = {Burke, Wylie},
title = {{Genomics as a Probe for Disease Biology}},
journal = {New England Journal of Medicine},
year = {2003},
volume = {349},
number = {10},
pages = {969--974}
}

@article{doi:10.1056/NEJMra041720,
author = {Chiorazzi, Nicholas and Rai, Kanti R. and Ferrarini, Manlio},
title = {{Chronic Lymphocytic Leukemia}},
journal = {New England Journal of Medicine},
year = {2005},
volume = {352},
number = {8},
pages = {804--815}
}

@article{Lander:2001hp,
author = {Lander, Eric S and Linton, Lauren M and Birren, Bruce and Nusbaum, Chad and Zody, Michael C and Baldwin, Jennifer and Devon, Keri and Dewar, Ken and Doyle, Michael and FitzHugh, William and Funke, Roel and Gage, Diane and Harris, Katrina and Heaford, Andrew and Howland, John and Kann, Lisa and Lehoczky, Jessica and LeVine, Rosie and McEwan, Paul and McKernan, Kevin and Meldrim, James and Mesirov, Jill P and Miranda, Cher and Morris, William and Naylor, Jerome and Raymond, Christina and Rosetti, Mark and Santos, Ralph and Sheridan, Andrew and Sougnez, Carrie and Stange-Thomann, Nicole and Stojanovic, Nikola and Subramanian, Aravind and Wyman, Dudley and Rogers, Jane and Sulston, John and Ainscough, Rachael and Beck, Stephan and Bentley, David and Burton, John and Clee, Christopher and Carter, Nigel and Coulson, Alan and Deadman, Rebecca and Deloukas, Panos and Dunham, Andrew and Dunham, Ian and Durbin, Richard and French, Lisa and Grafham, Darren and Gregory, Simon and Hubbard, Tim and Humphray, Sean and Hunt, Adrienne and Jones, Matthew and Lloyd, Christine and McMurray, Amanda and Matthews, Lucy and Mercer, Simon and Milne, Sarah and Mullikin, James C and Mungall, Andrew and Plumb, Robert and Ross, Mark and Shownkeen, Ratna and Sims, Sarah and Waterston, Robert H and Wilson, Richard K and Hillier, LaDeana W and McPherson, John D and Marra, Marco A and Mardis, Elaine R and Fulton, Lucinda A and Chinwalla, Asif T and Pepin, Kymberlie H and Gish, Warren R and Chissoe, Stephanie L and Wendl, Michael C and Delehaunty, Kim D and Miner, Tracie L and Delehaunty, Andrew and Kramer, Jason B and Cook, Lisa L and Fulton, Robert S and Johnson, Douglas L and Minx, Patrick J and Clifton, Sandra W and Hawkins, Trevor and Branscomb, Elbert and Predki, Paul and Richardson, Paul and Wenning, Sarah and Slezak, Tom and Doggett, Norman and Cheng, Jan-Fang and Olsen, Anne and Lucas, Susan and Elkin, Christopher and Uberbacher, Edward and Frazier, Marvin and Gibbs, Richard A and Muzny, Donna M and Scherer, Steven E and Bouck, John B and Sodergren, Erica J and Worley, Kim C and Rives, Catherine M and Gorrell, James H and Metzker, Michael L and Naylor, Susan L and Kucherlapati, Raju S and Nelson, David L and Weinstock, George M and Sakaki, Yoshiyuki and Fujiyama, Asao and Hattori, Masahira and Yada, Tetsushi and Toyoda, Atsushi and Itoh, Takehiko and Kawagoe, Chiharu and Watanabe, Hidemi and Totoki, Yasushi and Taylor, Todd and Weissenbach, Jean and Heilig, Roland and Saurin, William and Artiguenave, Francois and Brottier, Philippe and Bruls, Thomas and Pelletier, Eric and Robert, Catherine and Wincker, Patrick and Rosenthal, Andr eacute and Platzer, Matthias and Nyakatura, Gerald and Taudien, Stefan and Rump, Andreas and Smith, Douglas R and Doucette-Stamm, Lynn and Rubenfield, Marc and Weinstock, Keith and Lee, Hong Mei and Dubois, JoAnn and Yang, Huanming and Yu, Jun and Wang, Jian and Huang, Guyang and Gu, Jun and Hood, Leroy and Rowen, Lee and Madan, Anup and Qin, Shizen and Davis, Ronald W and Federspiel, Nancy A and Abola, A Pia and Proctor, Michael J and Roe, Bruce A and Chen, Feng and Pan, Huaqin and Ramser, Juliane and Lehrach, Hans and Reinhardt, Richard and McCombie, W Richard and de la Bastide, Melissa and Dedhia, Neilay and cker, Helmut Bl ouml and Hornischer, Klaus and Nordsiek, Gabriele and Agarwala, Richa and Aravind, L and Bailey, Jeffrey A and Bateman, Alex and Batzoglou, Serafim and Birney, Ewan and Bork, Peer and Brown, Daniel G and Burge, Christopher B and Cerutti, Lorenzo and Chen, Hsiu-Chuan and Church, Deanna and Clamp, Michele and Copley, Richard R and Doerks, Tobias and Eddy, Sean R and Eichler, Evan E and Furey, Terrence S and Galagan, James and Gilbert, James G R and Harmon, Cyrus and Hayashizaki, Yoshihide and Haussler, David and Hermjakob, Henning and Hokamp, Karsten and Jang, Wonhee and Johnson, L Steven and Jones, Thomas A and Kasif, Simon and Kaspryzk, Arek and Kennedy, Scot and Kent, W James and Kitts, Paul and Koonin, Eugene V and Korf, Ian and Kulp, David and Lancet, Doron and Lowe, Todd M and McLysaght, Aoife and Mikkelsen, Tarjei and Moran, John V and Mulder, Nicola and Pollara, Victor J and Ponting, Chris P and Schuler, Greg and Schultz, J ouml rg and Slater, Guy and Smit, Arian F A and Stupka, Elia and Szustakowki, Joseph and Thierry-Mieg, Danielle and Thierry-Mieg, Jean and Wagner, Lukas and Wallis, John and Wheeler, Raymond and Williams, Alan and Wolf, Yuri I and Wolfe, Kenneth H and Yang, Shiaw-Pyng and Yeh, Ru-Fang and Collins, Francis and Guyer, Mark S and Peterson, Jane and Felsenfeld, Adam and Wetterstrand, Kris A and Myers, Richard M and Schmutz, Jeremy and Dickson, Mark and Grimwood, Jane and Cox, David R and Olson, Maynard V and Kaul, R...},
title = {{Initial sequencing and analysis of the human genome}},
journal = {Nature {\ldots}},
year = {2001},
volume = {409},
number = {6822},
pages = {860--921},
month = feb
}

@webpage{Gimenez:2011tv,
author = {Gimenez, Francisco and Xu, Jiajing and Ting Liu, Tiffany and Liu, Yi and Beaulieu, Christopher and Rubin, Daniel and Napel, Sandy},
title = {{Prediction of Radiologist Observations Using Computational Image Features: Method and Preliminary Results}},
year = {2011},
month = nov,
url = {http://rsna2011.rsna.org/search/search.cfm?action=add&filter=Author&value=115242}
}

@article{Bush:1999hw,
author = {Bush, R M},
title = {{Predicting the Evolution of Human Influenza A}},
journal = {Science},
year = {1999},
volume = {286},
number = {5446},
pages = {1921--1925},
month = dec
}

@article{Li:2004dg,
author = {Li, Jin Billy and Gerdes, Jantje M and Haycraft, Courtney J and Fan, Yanli and Teslovich, Tanya M and May-Simera, Helen and Li, Haitao and Blacque, Oliver E and Li, Linya and Leitch, Carmen C and Lewis, Richard Allan and Green, Jane S and Parfrey, Patrick S and Leroux, Michel R and Davidson, William S and Beales, Philip L and Guay-Woodford, Lisa M and Yoder, Bradley K and Stormo, Gary D and Katsanis, Nicholas and Dutcher, Susan K},
title = {{Comparative Genomics Identifies a Flagellar and Basal Body Proteome that Includes the BBS5 Human Disease Gene}},
journal = {Cell},
year = {2004},
volume = {117},
number = {4},
pages = {541--552},
month = may
}

@article{Zhang:1993uz,
author = {Zhang, Ping},
title = {{Model Selection Via Multifold Cross Validation}},
journal = {The Annals of Statistics},
year = {1993},
volume = {21},
number = {1},
pages = {299--313},
month = jan
}

@article{Ala:2008by,
author = {Ala, Ugo and Piro, Rosario Michael and Grassi, Elena and Damasco, Christian and Silengo, Lorenzo and Oti, Martin and Provero, Paolo and Di Cunto, Ferdinando},
title = {{Prediction of Human Disease Genes by Human-Mouse Conserved Coexpression Analysis}},
journal = {PLoS Computational Biology},
year = {2008},
volume = {4},
number = {3},
pages = {e1000043},
month = mar
}

@article{Consortium:2005gr,
author = {Consortium, The International HapMap},
title = {{A haplotype map of the human genome}},
journal = {Nature {\ldots}},
year = {2005},
volume = {437},
number = {7063},
pages = {1299--1320},
month = oct
}

@article{Miki:1994wo,
author = {Miki, Yoshio and Swensen, Jeff and Shattuck-Eidens, Donna and Futreal, P. Andrew and Harshman, Keith and Tavtigian, Sean and Liu, Qingyun and Cochran, Charles and Bennett, L. Michelle and Ding, Wei and Bell, Russell and Rosenthal, Judith and Hussey, Charles and Tran, Thanh and McClure, Melody and Frye, Cheryl and Hattier, Tom and Phelps, Robert and Haugen-Strano, Astrid and Katcher, Harold and Yakumo, Kazuko and Gholami, Zahra and Shaffer, Daniel and Stone, Steven and Bayer, Steven and Wray, Christian and Bogden, Robert and Dayananth, Priya and Ward, John and Tonin, Patricia and Narod, Steven and Bristow, Pam K. and Norris, Frank H. and Helvering, Leah and Morrison, Paul and Rosteck, Paul and Lai, Mei and Barrett, J. Carl and Lewis, Cathryn and Neuhausen, Susan and Cannon-Albright, Lisa and Goldgar, David and Wiseman, Roger and Kamb, Alexander and Skolnick, Mark H.},
title = {{A Strong Candidate for the Breast and Ovarian Cancer Susceptibility Gene BRCA1}},
journal = {New Series},
year = {1994},
volume = {266},
number = {5182},
pages = {66--71},
month = jan
}

@article{Felli:1998dn,
author = {Felli, James C. and Hazen, Gordon B.},
title = {{Sensitivity Analysis and the Expected Value of Perfect Information}},
journal = {Medical Decision Making},
year = {1998},
volume = {18},
number = {1},
pages = {95--109},
month = jan
}

@article{Carroll:2006hc,
author = {Carroll, Jason S and Meyer, Clifford A and Song, Jun and Li, Wei and Geistlinger, Timothy R and Eeckhoute, J eacute r ocirc me and Brodsky, Alexander S and Keeton, Erika Krasnickas and Fertuck, Kirsten C and Hall, Giles F and Wang, Qianben and Bekiranov, Stefan and Sementchenko, Victor and Fox, Edward A and Silver, Pamela A and Gingeras, Thomas R and Liu, X Shirley and Brown, Myles},
title = {{Genome-wide analysis of estrogen receptor binding sites}},
journal = {Nature Genetics},
year = {2006},
volume = {38},
number = {11},
pages = {1289--1297},
month = oct
}

@article{Harpaz:2010eg,
author = {Harpaz, R and Perez, H and Chase, H S and Rabadan, R and Hripcsak, G and Friedman, C},
title = {{Biclustering of Adverse Drug Events in the FDA's Spontaneous Reporting System}},
journal = {Clinical Pharmacology {\&}{\#}38; Therapeutics},
year = {2010},
volume = {89},
number = {2},
pages = {243--250},
month = dec
}

@article{Ahmed:2010cc,
author = {Ahmed, Farooq},
title = {{Epigenetics: Tales of adversity}},
journal = {Nature {\ldots}},
year = {2010},
volume = {468},
number = {7327},
pages = {S20--S20},
month = dec
}

@article{Lister:2011jr,
author = {Lister, Ryan and Pelizzola, Mattia and Kida, Yasuyuki S and Hawkins, R David and Nery, Joseph R and Hon, Gary and Antosiewicz-Bourget, Jessica and O'Malley, Ronan and Castanon, Rosa and Klugman, Sarit and Downes, Michael and Yu, Ruth and Stewart, Ron and Ren, Bing and Thomson, James A and Evans, Ronald M and Ecker, Joseph R},
title = {{Hotspots of aberrant epigenomic reprogramming in human induced pluripotent stem cells}},
journal = {Nature {\ldots}},
year = {2011},
volume = {471},
number = {7336},
pages = {68--73},
month = feb
}

@article{Quackenbush:2002eo,
author = {Quackenbush, John},
title = {{Microarray data normalization and transformation}},
journal = {Nature Genetics},
year = {2002},
volume = {32},
pages = {496--501},
month = dec
}

@article{Bell:1992vr,
author = {Bell, D S and Greenes, R A and Doubilet, P},
title = {{Form-based clinical input from a structured vocabulary: initial application in ultrasound reporting.}},
journal = {Proceedings / the ... Annual Symposium on Computer Application [sic] in Medical Care. Symposium on Computer Applications in Medical Care},
year = {1992},
pages = {789--790}
}

@article{Alizadeh:2000ih,
author = {Alizadeh, Ash A and Eisen, Michael B and Davis, R Eric and Ma, Chi and Lossos, Izidore S and Rosenwald, Andreas and Boldrick, Jennifer C and Sabet, Hajeer and Tran, Truc and Yu, Xin and Powell, John I and Yang, Liming and Marti, Gerald E and Moore, Troy and Hudson, James and Lu, Lisheng and Lewis, David B and Tibshirani, Robert and Sherlock, Gavin and Chan, Wing C and Greiner, Timothy C and Weisenburger, Dennis D and Armitage, James O and Warnke, Roger and Levy, Ronald and Wilson, Wyndham and Grever, Michael R and Byrd, John C and Botstein, David and Brown, Patrick O and Staudt, Louis M},
title = {{Distinct types of diffuse large B-cell lymphoma identified by gene expression
profiling}},
journal = {Nature {\ldots}},
year = {2000},
volume = {403},
number = {6769},
pages = {503--511},
month = feb
}

@article{Oakley:2004fm,
author = {Oakley, Jeremy E. and O'Hagan, Anthony},
title = {{Probabilistic sensitivity analysis of complex models: a Bayesian approach}},
journal = {Journal of the Royal Statistical Society: Series B (Statistical Methodology)},
year = {2004},
volume = {66},
number = {3},
pages = {751--769},
month = aug
}

@article{French:2003gd,
author = {French, Simon},
title = {{Modelling, making inferences and making decisions: The roles of sensitivity analysis}},
journal = {Top},
year = {2003},
volume = {11},
number = {2},
pages = {229--251},
month = dec
}

@article{Langlotz:2000vn,
author = {Langlotz, C P and Meininger, L},
title = {{Enhancing the expressiveness and usability of structured image reporting systems.}},
journal = {Proceedings / AMIA ... Annual Symposium. AMIA Symposium},
year = {2000},
pages = {467--471}
}

@article{Liu:2006fy,
author = {Liu, David and Zucherman, Mark and Tulloss, William},
title = {{Six Characteristics of Effective Structured Reporting and the Inevitable Integration with Speech Recognition}},
journal = {Journal of digital imaging : the official journal of the Society for Computer Applications in Radiology},
year = {2006},
volume = {19},
number = {1},
pages = {98--104},
month = mar
}

@article{Poon:1996tq,
author = {Poon, A D and Fagan, L M and Shortliffe, E H},
title = {{The PEN-Ivory project: exploring user-interface design for the selection of items from large controlled vocabularies of medicine.}},
journal = {Journal of the American Medical Informatics Association : JAMIA},
year = {1996},
volume = {3},
number = {2},
pages = {168--183},
month = feb
}

@article{Taira:2001vg,
author = {Taira, Ricky K. and Soderland, Stephen G. and Jakobovits, Rex M.},
title = {{Automatic Structuring of Radiology Free-Text Reports1}},
journal = {Radiographics : a review publication of the Radiological Society of North America, Inc},
year = {2001},
volume = {21},
number = {1},
pages = {237--245},
month = jan
}

@article{Heckerman:1992ud,
author = {Heckerman, D E and Nathwani, B N},
title = {{Toward normative expert systems: Part II. Probability-based representations for efficient knowledge acquisition and inference.}},
journal = {Methods of information in medicine},
year = {1992},
volume = {31},
number = {2},
pages = {106--116},
month = jun
}

@article{Heckerman:1992uq,
author = {Heckerman, D E and Horvitz, E J and Nathwani, B N},
title = {{Toward normative expert systems: Part I. The Pathfinder project.}},
journal = {Methods of information in medicine},
year = {1992},
volume = {31},
number = {2},
pages = {90--105},
month = jun
}

@article{Bosmans:2011ep,
author = {Bosmans, Jan M. L. and Weyler, Joost J. and De Schepper, Arthur M. and Parizel, Paul M.},
title = {{The Radiology Report as Seen by Radiologists and Referring Clinicians: Results of the COVER and ROVER Surveys}},
journal = {Radiology},
year = {2011},
volume = {259},
number = {1},
pages = {184--195},
month = jan
}

@article{Fleishman:2011fx,
author = {Fleishman, Sarel J. and Whitehead, Timothy A. and Ekiert, Damian C. and Dreyfus, Cyrille and Corn, Jacob E. and Strauch, Eva-Maria and Wilson, Ian A. and Baker, David},
title = {{Computational Design of Proteins Targeting the Conserved Stem Region of Influenza Hemagglutinin}},
journal = {Science},
year = {2011},
volume = {332},
number = {6031},
pages = {816--821},
month = jan
}

@article{Deselaers:2008gk,
author = {Deselaers, Thomas and Deserno, Thomas M and M{\"u}ller, Henning},
title = {{Automatic medical image annotation in ImageCLEF 2007: Overview, results, and discussion}},
journal = {Pattern Recognition Letters},
year = {2008},
volume = {29},
number = {15},
pages = {1988--1995},
month = nov
}

@article{Holland:1996fc,
author = {Holland, Ian M and Lieberherr, Karl J},
title = {{Object-oriented design}},
journal = {ACM Computing Surveys},
year = {1996},
volume = {28},
number = {1},
pages = {273--275},
month = mar
}

@article{Smith:2006uo,
author = {Smith, Barry and Ceusters, Werner},
title = {{HL7 RIM: an incoherent standard.}},
journal = {Studies in health technology and informatics},
year = {2006},
volume = {124},
pages = {133--138}
}

@inproceedings{He:2004df,
author = {He, Xuming and Zemel, R S and Carreira-Perpinan, M A},
title = {{Multiscale conditional random fields for image labeling}},
booktitle = {Computer Vision and Pattern Recognition, 2004. CVPR 2004. Proceedings of the 2004 IEEE Computer Society Conference on},
year = {2004},
pages = {II--695--II--702 Vol.2},
publisher = {IEEE}
}

@article{Kohane:2006el,
author = {Kohane, Isaac S. and Masys, Daniel R. and Altman, Russ B.},
title = {{The Incidentalome}},
journal = {JAMA: The Journal of the American Medical Association},
year = {2006},
volume = {296},
number = {2},
pages = {212--215},
month = jan
}

@article{Khoury:2003fb,
author = {Khoury, Muin J. and McCabe, Linda L. and McCabe, Edward R.B.},
title = {{Population Screening in the Age of Genomic Medicine}},
journal = {New England Journal of Medicine},
year = {2003},
volume = {348},
number = {1},
pages = {50--58},
month = jan
}

@article{Golub:1999fn,
author = {Golub, T R and Slonim, D. K. and Tamayo, P. and Huard, C. and Gaasenbeek, M. and Mesirov, J. P. and Coller, H. and Loh, M. L. and Downing, J. R. and Caligiuri, M. A. and Bloomfield, C. D. and Lander, E. S.},
title = {{Molecular Classification of Cancer: Class Discovery and Class Prediction by Gene Expression Monitoring}},
journal = {Science},
year = {1999},
volume = {286},
number = {5439},
pages = {531--537},
month = jan
}

@article{Morgan:2011ct,
author = {Morgan, Matthew B. and Branstetter IV, Barton F. and Clark, Chuck and House, Jonathan and Baker, Dustin and Harnsberger, H. Ric},
title = {{Just-in-Time Radiologist Decision Support: The Importance of PACS-Integrated Workflow}},
journal = {Journal of the American College of Radiology},
year = {2011},
volume = {8},
number = {7},
pages = {497--500},
month = jul
}

@article{Schadow:2006tf,
author = {Schadow, Gunther and Mead, Charles N and Walker, D Mead},
title = {{The HL7 reference information model under scrutiny.}},
journal = {Studies in health technology and informatics},
year = {2006},
volume = {124},
pages = {151--156}
}

@article{Karczewski:2011kp,
author = {Karczewski, Konrad J. and Tatonetti, Nicholas P. and Landt, Stephen G. and Yang, Xinqiong and Slifer, Teri and Altman, Russ B. and Snyder, Michael},
title = {{Cooperative transcription factor associations discovered using regulatory variation}},
journal = {Proceedings of the National Academy of Sciences},
year = {2011},
month = jan
}

@article{OMalley:2011dm,
author = {O'Malley, A James and Christakis, Nicholas A},
title = {{Longitudinal analysis of large social networks: Estimating the effect of health traits on changes in friendship ties}},
journal = {Statistics in medicine},
year = {2011},
volume = {30},
number = {9},
pages = {950--964}
}

@article{Yokota:2004bn,
author = {Yokota, Fumie and Thompson, Kimberly M},
title = {{Value of Information Literature Analysis: A Review of Applications in Health Risk Management}},
journal = {Medical Decision Making},
year = {2004},
volume = {24},
number = {3},
pages = {287--298},
month = jan
}

@article{Dolin:2006hd,
author = {Dolin, Robert H and Alschuler, Liora and Boyer, Sandy and Beebe, Calvin and Behlen, Fred M and Biron, Paul V and Shabo Shvo, Amnon},
title = {{HL7 Clinical Document Architecture, Release 2}},
journal = {Journal of the American Medical Informatics Association},
year = {2006},
volume = {13},
number = {1},
pages = {30--39},
month = jan
}

@inproceedings{Bilgic:2007vs,
author = {Bilgic, Mustafa and Getoor, Lise},
title = {{VOILA: efficient feature-value acquisition for classification}},
booktitle = {AAAI'07: Proceedings of the 22nd national conference on Artificial intelligence},
year = {2007},
publisher = { AAAI Press},
month = jul
}

@article{Krause:2005tr,
author = {Krause, A},
title = {{Near-optimal nonmyopic value of information in graphical models}},
journal = {Proc of Uncertainty in AI},
year = {2005}
}

@inproceedings{PerformanceofError:2010wd,
author = {Dougherty, Edward R and Sima, Chao and {Hua} and Hanczar, Blaise and Braga-Neto, Ulisses M},
title = {{Performance of Error Estimators for Classification}},
booktitle = {Current Bioinformatics},
year = {2010},
pages = {53--67},
publisher = {Bentham Science Publishers}
}

@article{Dojer:2013co,
author = {Dojer, Norbert and Bednarz, Pawel and Podsiadlo, Agnieszka and Wilczy{\'n}ski, Bartek},
title = {{BNFinder2: Faster Bayesian network learning and Bayesian classification.}},
journal = {Bioinformatics},
year = {2013},
volume = {29},
number = {16},
pages = {2068--2070},
month = aug
}

@article{Partridge:2013kw,
author = {Partridge, Savannah C and DeMartini, Wendy B and Kurland, Brenda F and Eby, Peter R and White, Steven W and Lehman, Constance D},
title = {{Quantitative Diffusion-Weighted Imaging as an Adjunct to Conventional Breast MRI for Improved Positive Predictive Value}},
journal = {AJR American journal of roentgenology},
year = {2013},
volume = {193},
number = {6},
pages = {1716--1722},
month = jan
}

@article{Gonen:2013il,
author = {G{\"o}nen, Mithat and Panageas, Katherine S and Larson, Steven M},
title = {{Statistical Issues in Analysis of Diagnostic Imaging Experiments with Multiple Observations per Patient}},
journal = {Radiology},
year = {2013},
volume = {221},
number = {3},
pages = {763--767},
month = jan
}

@article{Ballinger:2004fx,
author = {Ballinger, Gary A},
title = {{Using Generalized Estimating Equations for Longitudinal Data Analysis}},
journal = {Organizational Research Methods},
year = {2004},
volume = {7},
number = {2},
pages = {127--150},
month = jan
}

@article{Miller:2014iq,
author = {Miller, Anthony B and Miller, Anthony B and Wall, Claus and Wall, Claus and Baines, Cornelia J and Baines, Cornelia J and Sun, Ping and Sun, Ping and To, Teresa and To, Teresa and Narod, Steven A and Narod, Steven A},
title = {{Twenty five year follow-up for breast cancer incidence and mortality of the Canadian National Breast Screening Study: randomised screening trial}},
journal = {BMJ},
year = {2014},
volume = {348}
}

@inproceedings{Li:2007je,
author = {Li, Li-Jia and Fei-Fei, Li},
title = {{What, where and who? Classifying events by scene and object recognition}},
booktitle = {Computer Vision, 2007. ICCV 2007. IEEE 11th International Conference on},
year = {2007},
pages = {1--8},
publisher = {IEEE}
}

@article{Bates:2003fp,
author = {Bates, D W},
title = {{Ten Commandments for Effective Clinical Decision Support: Making the Practice of Evidence-based Medicine a Reality}},
journal = {Journal of the American Medical Informatics Association},
year = {2003},
volume = {10},
number = {6},
pages = {523--530},
month = aug
}

@article{Wan:2013us,
author = {Wan, Li and Zeiler, Matthew and Zhang, Sixin and Cun, Yann L and Fergus, Rob},
title = {{Regularization of Neural Networks using DropConnect}},
journal = {Proceedings of the {\ldots}},
year = {2013},
pages = {1058--1066}
}

@article{Tomczak:2013tz,
author = {Tomczak, Jakub M},
title = {{Prediction of breast cancer recurrence using Classification Restricted Boltzmann Machine with Dropping}},
journal = {arXiv.org},
year = {2013},
month = aug
}

@article{ElizabethS:2005gc,
author = {Elizabeth S, Burnside},
title = {{Bayesian networks: Computer-assisted diagnosis support in radiology1}},
journal = {Academic radiology},
year = {2005},
volume = {12},
number = {4},
pages = {422--430},
month = apr
}

@article{Siegel:2012kt,
author = {Siegel, Rebecca and Naishadham, Deepa and Jemal, Ahmedin},
title = {{Cancer statistics, 2012}},
journal = {CA: A Cancer Journal for Clinicians},
year = {2012},
volume = {62},
number = {1},
pages = {10--29}
}

@article{Bruss:2000wc,
author = {Bruss, F Thomas},
title = {{Sum the Odds to One and Stop}},
journal = {The Annals of Probability},
year = {2000},
volume = {28},
number = {3},
pages = {1384--1391},
month = jul
}

@inproceedings{Yao:2010gq,
author = {Yao, Bangpeng and Fei-Fei, Li},
title = {{Grouplet: A structured image representation for recognizing human and object interactions}},
booktitle = {Computer Vision and Pattern Recognition (CVPR), 2010 IEEE Conference on},
year = {2010},
pages = {9--16},
publisher = {IEEE}
}

@article{Lerner:2003vp,
author = {Lerner, Barron H},
title = {{"To see today with the eyes of tomorrow": A history of screening mammography.}},
journal = {Canadian bulletin of medical history = Bulletin canadien d'histoire de la medecine},
year = {2003},
volume = {20},
number = {2},
pages = {299--321}
}

@article{Baker:1982jg,
author = {Baker, Larry H},
title = {{Breast cancer detection demonstration project: Five-year summary report}},
journal = {CA: A Cancer Journal for Clinicians},
year = {1982},
volume = {32},
number = {4},
pages = {194--225}
}

@article{Smart:1997hk,
author = {Smart, Charles R and Byrne, Celia and Smith, Robert A. and Garfinkel, Lawrence and Letton, A Hamblin and Dodd, Gerald D and Beahrs, Oliver H},
title = {{Twenty-year follow-up of the breast cancers diagnosed during the Breast Cancer Detection Demonstration Project}},
journal = {CA: A Cancer Journal for Clinicians},
year = {1997},
volume = {47},
number = {3},
pages = {134--149}
}

@article{Choi:2012id,
author = {Choi, Arthur and Xue, Yexiang and Darwiche, Adnan},
title = {{Same-decision probability: A confidence measure for threshold-based decisions}},
journal = {Fifth European Workshop on Probabilistic Graphical Models (PGM-2010)},
year = {2012},
volume = {53},
number = {9},
pages = {1415--1428},
month = dec
}

@article{Zadrozny:2002cu,
author = {Zadrozny, Bianca and Elkan, Charles},
title = {{Transforming classifier scores into accurate multiclass probability estimates}},
year = {2002},
pages = {694--699}
}

@article{Murphy:1977bd,
author = {Murphy, Allan H and Winkler, Robert L},
title = {{Reliability of Subjective Probability Forecasts of Precipitation and Temperature}},
journal = {Journal of the Royal Statistical Society. Series C (Applied Statistics)},
year = {1977},
volume = {26},
number = {1},
pages = {41--47},
month = jan
}

@article{Brocker:2007vi,
author = {Br{\"o}cker, Jochen and Smith, Leonard A},
title = {{Increasing the Reliability of Reliability Diagrams.}},
journal = {Weather {\&} Forecasting},
year = {2007},
volume = {22},
number = {3},
pages = {651--661},
month = jun
}

@article{Zadrozny:2001um,
author = {Zadrozny, Bianca and Elkan, Charles},
title = {{Obtaining calibrated probability estimates from decision trees and naive Bayesian classifiers}},
journal = {International Conference on Machine Learning},
year = {2001},
pages = {609--616}
}

@article{Burnside:2012fk,
author = {Burnside, Elizabeth S and Chhatwal, Jagpreet and Alagoz, Oguzhan},
title = {{What Is the Optimal Threshold at Which to Recommend Breast Biopsy?}},
journal = {PLOS ONE},
year = {2012},
volume = {7},
number = {11},
pages = {e48820},
month = nov
}

@book{Koller:2009wk,
author = {Koller, D and Friedman, N},
title = {{Probabilistic Graphical Models: Principles and Techniques}},
publisher = {MIT Press},
year = {2009}
}

@article{Friedman:1997gw,
author = {Friedman, Nir and Geiger, Dan and Goldszmidt, Moises},
title = {{Bayesian Network Classifiers}},
journal = {Machine learning},
year = {1997},
volume = {29},
number = {2},
pages = {131--163}
}

@article{Lucchi:2010uj,
author = {Lucchi, Aur{\'e}lien and Smith, Kevin and Achanta, Radhakrishna and Lepetit, Vincent and Fua, Pascal},
title = {{A fully automated approach to segmentation of irregularly shaped cellular structures in EM images}},
journal = {MICCAI},
year = {2010},
pages = {463--471}
}

@article{Brazma:2001gv,
author = {Brazma, Alvis and Hingamp, Pascal and Quackenbush, John and Sherlock, Gavin and Spellman, Paul and Stoeckert, Chris and Aach, John and Ansorge, Wilhelm and Ball, Catherine A and Causton, Helen C and Gaasterland, Terry and Glenisson, Patrick and Holstege, Frank C P and Kim, Irene F and Markowitz, Victor and Matese, John C and Parkinson, Helen and Robinson, Alan and Sarkans, Ugis and Schulze-Kremer, Steffen and Stewart, Jason and Taylor, Ronald and Vilo, Jaak and Vingron, Martin},
title = {{Minimum information about a microarray experiment (MIAME)|[mdash]|toward standards for microarray data}},
journal = {Nature Genetics},
year = {2001},
volume = {29},
number = {4},
pages = {365--371},
month = dec
}

@article{Bodenreider:2006jg,
author = {Bodenreider, Olivier and Stevens, Robert},
title = {{Bio-ontologies: current trends and future directions}},
journal = {Briefings in bioinformatics},
year = {2006},
volume = {7},
number = {3},
pages = {256--274},
month = jan
}

@article{Lafferty:2001ty,
author = {Lafferty, J and McCallum, A and Pereira, Fernando C.N.},
title = {{Conditional Random Fields: Probabilistic Models for Segmenting and Labeling Sequence Data}},
journal = {ICML},
year = {2001},
pages = {282--289}
}

@article{Andriole:2011cia,
author = {Andriole, Katherine P. and Wolfe, Jeremy M. and Khorasani, Ramin and Treves, S. Ted and Getty, David J. and Jacobson, Francine L. and Steigner, Michael L. and Pan, John J. and Sitek, Arkadiusz and Seltzer, Steven E.},
title = {{Optimizing Analysis, Visualization, and Navigation of Large Image Data Sets: One 5000-Section CT Scan Can Ruin Your Whole Day}},
journal = {Radiology},
year = {2011},
volume = {259},
number = {2},
pages = {346--362},
month = jan
}

@article{Cohen:1960tf,
author = {Cohen, J},
title = {{A coefficient of agreement for nominal scales}},
journal = {Educational and psychological measurement},
year = {1960}
}

@article{Blake:2006iz,
author = {Blake, Judith A and Bult, Carol J},
title = {{Beyond the data deluge: Data integration and bio-ontologies}},
journal = {Journal of biomedical informatics},
year = {2006},
volume = {39},
number = {3},
pages = {314--320},
month = jun
}

@article{Richardson:2011gm,
author = {Richardson, R Mark and Gimenez, Francisco and Salegio, Ernesto Aguilar and Su, Xiaomin and Bringas, John and Berger, Mitchel S and Bankiewicz, Krystof S},
title = {{T2 Imaging in Monitoring of Intraparenchymal Real-Time Convection-Enhanced Delivery}},
journal = {Neurosurgery},
year = {2011},
volume = {69},
number = {1},
pages = {154--163},
month = jul
}

@article{Basma:2011dv,
author = {Basma, Sarah and Lord, Bridgette and Jacks, Lindsay M. and Rizk, Mohamed and Scaranelo, Anabel M.},
title = {{Error Rates in Breast Imaging Reports: Comparison of Automatic Speech Recognition and Dictation Transcription}},
journal = {American Journal of Roentgenology},
year = {2011},
volume = {197},
number = {4},
pages = {923--927},
month = jan
}

@article{Ramaswamy:2001hc,
author = {Ramaswamy, Sridhar and Tamayo, Pablo and Rifkin, Ryan and Mukherjee, Sayan and Yeang, Chen-Hsiang and Angelo, Michael and Ladd, Christine and Reich, Michael and Latulippe, Eva and Mesirov, Jill P and Poggio, Tomaso and Gerald, William and Loda, Massimo and Lander, Eric S and Golub, Todd R.},
title = {{Multiclass cancer diagnosis using tumor gene expression signatures}},
journal = {Proceedings of the National Academy of Sciences},
year = {2001},
volume = {98},
number = {26},
pages = {15149--15154},
month = jan
}

@article{Lamb:2006hf,
author = {Lamb, Justin and Crawford, Emily D. and Peck, David and Modell, Joshua W. and Blat, Irene C. and Wrobel, Matthew J. and Lerner, Jim and Brunet, Jean-Philippe and Subramanian, Aravind and Ross, Kenneth N. and Reich, Michael and Hieronymus, Haley and Wei, Guo and Armstrong, Scott A. and Haggarty, Stephen J. and Clemons, Paul A. and Wei, Ru and Carr, Steven A. and Lander, Eric S and Golub, Todd R.},
title = {{The Connectivity Map: Using Gene-Expression Signatures to Connect Small Molecules, Genes, and Disease}},
journal = {Science},
year = {2006},
volume = {313},
number = {5795},
pages = {1929--1935},
month = jan
}

@article{Rhodes:2004go,
author = {Rhodes, Daniel R. and Yu, Jianjun and Shanker, K. and Deshpande, Nandan and Varambally, Radhika and Ghosh, Debashis and Barrette, Terrence and Pandey, Akhilesh and Chinnaiyan, Arul M.},
title = {{Large-scale meta-analysis of cancer microarray data identifies common transcriptional profiles of neoplastic transformation and progression}},
journal = {Proceedings of the National Academy of Sciences of the United States of America},
year = {2004},
volume = {101},
number = {25},
pages = {9309--9314},
month = jan
}

@article{Spiegelhalter:2011jt,
author = {Spiegelhalter, David and Pearson, Mike and Short, Ian},
title = {{Visualizing Uncertainty About the Future}},
journal = {Science},
year = {2011},
volume = {333},
number = {6048},
pages = {1393--1400},
month = jan
}

@article{Redon:2006fb,
author = {Redon, Richard and Ishikawa, Shumpei and Fitch, Karen R and Feuk, Lars and Perry, George H and Andrews, T Daniel and Fiegler, Heike and Shapero, Michael H and Carson, Andrew R and Chen, Wenwei and Cho, Eun Kyung and Dallaire, Stephanie and Freeman, Jennifer L and Gonz{\'a}lez, Juan R and Gratac{\`o}s, M{\`o}nica and Huang, Jing and Kalaitzopoulos, Dimitrios and Komura, Daisuke and MacDonald, Jeffrey R and Marshall, Christian R and Mei, Rui and Montgomery, Lyndal and Nishimura, Kunihiro and Okamura, Kohji and Shen, Fan and Somerville, Martin J and Tchinda, Joelle and Valsesia, Armand and Woodwark, Cara and Yang, Fengtang and Zhang, Junjun and Zerjal, Tatiana and Zhang, Jane and Armengol, Lluis and Conrad, Donald F and Estivill, Xavier and Tyler-Smith, Chris and Carter, Nigel P and Aburatani, Hiroyuki and Lee, Charles and Jones, Keith W and Scherer, Stephen W and Hurles, Matthew E},
title = {{Global variation in copy number in the human genome}},
journal = {Nature {\ldots}},
year = {2006},
volume = {444},
number = {7118},
pages = {444--454},
month = nov
}

@article{IChambers:1986vz,
author = {I Chambers, J Frampton P Goldfarb N Affara W McBain and Harrison, P R},
title = {{The structure of the mouse glutathione peroxidase gene: the selenocysteine in the active site is encoded by the 'termination' codon, TGA.}},
journal = {The EMBO Journal},
year = {1986},
volume = {5},
number = {6},
pages = {1221},
month = jun
}

@article{Conrad:2006cr,
author = {Conrad, Donald F and Jakobsson, Mattias and Coop, Graham and Wen, Xiaoquan and Wall, Jeffrey D and Rosenberg, Noah A and Pritchard, Jonathan K},
title = {{A worldwide survey of haplotype variation and linkage disequilibrium in the human genome}},
journal = {Nature Genetics},
year = {2006},
volume = {38},
number = {11},
pages = {1251--1260},
month = oct
}

@article{Frazer:2007kh,
author = {Frazer, Kelly A and Ballinger, Dennis G and Cox, David R and Hinds, David A and Stuve, Laura L and Gibbs, Richard A and Belmont, John W and Boudreau, Andrew and Hardenbol, Paul and Leal, Suzanne M and Pasternak, Shiran and Wheeler, David A and Willis, Thomas D and Yu, Fuli and Yang, Huanming and Zeng, Changqing and Gao, Yang and Hu, Haoran and Hu, Weitao and Li, Chaohua and Lin, Wei and Liu, Siqi and Pan, Hao and Tang, Xiaoli and Wang, Jian and Wang, Wei and Yu, Jun and Zhang, Bo and Zhang, Qingrun and Zhao, Hongbin and Zhao, Hui and Zhou, Jun and Gabriel, Stacey B and Barry, Rachel and Blumenstiel, Brendan and Camargo, Amy and Defelice, Matthew and Faggart, Maura and Goyette, Mary and Gupta, Supriya and Moore, Jamie and Nguyen, Huy and Onofrio, Robert C and Parkin, Melissa and Roy, Jessica and Stahl, Erich and Winchester, Ellen and Ziaugra, Liuda and Altshuler, David and Shen, Yan and Yao, Zhijian and Huang, Wei and Chu, Xun and He, Yungang and Jin, Li and Liu, Yangfan and Shen, Yayun and Sun, Weiwei and Wang, Haifeng and Wang, Yi and Wang, Ying and Xiong, Xiaoyan and Xu, Liang and Waye, Mary M Y and Tsui, Stephen K W and Xue, Hong and Wong, J Tze-Fei and Galver, Luana M and Fan, Jian-Bing and Gunderson, Kevin and Murray, Sarah S and Oliphant, Arnold R and Chee, Mark S and Montpetit, Alexandre and Chagnon, Fanny and Ferretti, Vincent and Leboeuf, Martin and Olivier, Jean-Fran{\c c}ois and Phillips, Michael S and Roumy, St{\'e}phanie and Sall{\'e}e, Cl{\'e}mentine and Verner, Andrei and Hudson, Thomas J and Kwok, Pui-Yan and Cai, Dongmei and Koboldt, Daniel C and Miller, Raymond D and Pawlikowska, Ludmila and Taillon-Miller, Patricia and Xiao, Ming and Tsui, Lap-Chee and Mak, William and Qiang Song, You and Tam, Paul K H and Nakamura, Yusuke and Kawaguchi, Takahisa and Kitamoto, Takuya and Morizono, Takashi and Nagashima, Atsushi and Ohnishi, Yozo and Sekine, Akihiro and Tanaka, Toshihiro and Tsunoda, Tatsuhiko and Deloukas, Panos and Bird, Christine P and Delgado, Marcos and Dermitzakis, Emmanouil T and Gwilliam, Rhian and Hunt, Sarah and Morrison, Jonathan and Powell, Don and Stranger, Barbara E and Whittaker, Pamela and Bentley, David R and Daly, Mark J and de Bakker, Paul I W and Barrett, Jeff and Chretien, Yves R and Maller, Julian and McCarroll, Steve and Patterson, Nick and Pe'er, Itsik and Price, Alkes and Purcell, Shaun and Richter, Daniel J and Sabeti, Pardis and Saxena, Richa and Schaffner, Stephen F and Sham, Pak C and Varilly, Patrick and Altshuler, David and Stein, Lincoln D and Krishnan, Lalitha and Vernon Smith, Albert and Tello-Ruiz, Marcela K and Thorisson, Gudmundur A and Chakravarti, Aravinda and Chen, Peter E and Cutler, David J and Kashuk, Carl S and Lin, Shin and Abecasis, Gon{\c c}alo R and Guan, Weihua and Li, Yun and Munro, Heather M and Steve Qin, Zhaohui and Thomas, Daryl J and McVean, Gilean and Auton, Adam and Bottolo, Leonardo and Cardin, Niall and Eyheramendy, Susana and Freeman, Colin and Marchini, Jonathan and Myers, Simon and Spencer, Chris and Stephens, Matthew and Donnelly, Peter and Cardon, Lon R and Clarke, Geraldine and Evans, David M and Morris, Andrew P and Weir, Bruce S and Tsunoda, Tatsuhiko and Mullikin, James C and Sherry, Stephen T and Feolo, Michael and Skol, Andrew and Zhang, Houcan and Zeng, Changqing and Zhao, Hui and Matsuda, Ichiro and Fukushima, Yoshimitsu and Macer, Darryl R and Suda, Eiko and Rotimi, Charles N and Adebamowo, Clement A and Ajayi, Ike and Aniagwu, Toyin and Marshall, Patricia A and Nkwodimmah, Chibuzor and Royal, Charmaine D M and Leppert, Mark F and Dixon, Missy and Peiffer, Andy and Qiu, Renzong and Kent, Alastair and Kato, Kazuto and Niikawa, Norio and Adewole, Isaac F and Knoppers, Bartha M and Foster, Morris W and Wright Clayton, Ellen and Watkin, Jessica and Gibbs, Richard A and Belmont, John W and Muzny, Donna and Nazareth, Lynne and Sodergren, Erica and Weinstock, George M and Wheeler, David A and Yakub, Imtaz and Gabriel, Stacey B and Onofrio, Robert C and Richter, Daniel J and Ziaugra, Liuda and Birren, Bruce W and Daly, Mark J and Altshuler, David and Wilson, Richard K and Fulton, Lucinda L and Rogers, Jane and Burton, John and Carter, Nigel P and Clee, Christopher M and Griffiths, Mark and Jones, Matthew C and McLay, Kirsten and Plumb, Robert W and Ross, Mark T and Sims, Sarah K and Willey, David L and Chen, Zhu and Han, Hua and Kang, Le and Godbout, Martin and Wallenburg, John C and L'Archev{\^e}que, Paul and Bellemare, Guy and Saeki, Koji and Wang, Hongguang and An, Daochang and Fu, Hongbo and Li, Qing and Wang, Zhen and Wang, Renwu and Holden, Arthur L and Brooks, Lisa D and McEwen, Jean E and Guyer, Mark S and Ota Wang, Vivian and Peterson, Jane L and Shi, Michael and Spiegel,...},
title = {{A second generation human haplotype map of over 3.1 million SNPs}},
journal = {Nature {\ldots}},
year = {2007},
volume = {449},
number = {7164},
pages = {851--861},
month = oct
}

@article{Burton:2007do,
author = {Burton, Paul R and Clayton, David G and Cardon, Lon R and Craddock, Nick and Deloukas, Panos and Duncanson, Audrey and Kwiatkowski, Dominic P and McCarthy, Mark I and Ouwehand, Willem H and Samani, Nilesh J and Todd, John A and Donnelly, Peter and Barrett, Jeffrey C and Burton, Paul R and Davison, Dan and Donnelly, Peter and Easton, Doug and Evans, David and Leung, Hin-Tak and Marchini, Jonathan L and Morris, Andrew P and Spencer, Chris C A and Tobin, Martin D and Cardon, Lon R and Clayton, David G and Attwood, Antony P and Boorman, James P and Cant, Barbara and Everson, Ursula and Hussey, Judith M and Jolley, Jennifer D and Knight, Alexandra S and Koch, Kerstin and Meech, Elizabeth and Nutland, Sarah and Prowse, Christopher V and Stevens, Helen E and Taylor, Niall C and Walters, Graham R and Walker, Neil M and Watkins, Nicholas A and Winzer, Thilo and Todd, John A and Ouwehand, Willem H and Jones, Richard W and McArdle, Wendy L and Ring, Susan M and Strachan, David P and Pembrey, Marcus and Breen, Gerome and St Clair, David and Caesar, Sian and Gordon-Smith, Katherine and Jones, Lisa and Fraser, Christine and Green, Elaine K and Grozeva, Detelina and Hamshere, Marian L and Holmans, Peter A and Jones, Ian R and Kirov, George and Moskvina, Valentina and Nikolov, Ivan and O'Donovan, Michael C and Owen, Michael J and Craddock, Nick and Collier, David A and Elkin, Amanda and Farmer, Anne and Williamson, Richard and McGuffin, Peter and Young, Allan H and Ferrier, I Nicol and Ball, Stephen G and Balmforth, Anthony J and Barrett, Jennifer H and Bishop, D Timothy and Iles, Mark M and Maqbool, Azhar and Yuldasheva, Nadira and Hall, Alistair S and Braund, Peter S and Burton, Paul R and Dixon, Richard J and Mangino, Massimo and Stevens, Suzanne and Tobin, Martin D and Thompson, John R and Samani, Nilesh J and Bredin, Francesca and Tremelling, Mark and Parkes, Miles and Drummond, Hazel and Lees, Charles W and Nimmo, Elaine R and Satsangi, Jack and Fisher, Sheila A and Forbes, Alastair and Lewis, Cathryn M and Onnie, Clive M and Prescott, Natalie J and Sanderson, Jeremy and Mathew, Christopher G and Barbour, Jamie and Mohiuddin, M Khalid and Todhunter, Catherine E and Mansfield, John C and Ahmad, Tariq and Cummings, Fraser R and Jewell, Derek P and Webster, John and Brown, Morris J and Clayton, David G and Lathrop, G Mark and Connell, John and Dominiczak, Anna and Samani, Nilesh J and Marcano, Carolina A Braga and Burke, Beverley and Dobson, Richard and Gungadoo, Johannie and Lee, Kate L and Munroe, Patricia B and Newhouse, Stephen J and Onipinla, Abiodun and Wallace, Chris and Xue, Mingzhan and Caulfield, Mark and Farrall, Martin and Barton, Anne and and Genomics BRAGGS, The Biologics in RA Genetics and Bruce, Ian N and Donovan, Hannah and Eyre, Steve and Gilbert, Paul D and Hider, Samantha L and Hinks, Anne M and John, Sally L and Potter, Catherine and Silman, Alan J and Symmons, Deborah P M and Thomson, Wendy and Worthington, Jane and Clayton, David G and Dunger, David B and Nutland, Sarah and Stevens, Helen E and Walker, Neil M and Widmer, Barry and Todd, John A and Frayling, Timothy M and Freathy, Rachel M and Lango, Hana and Perry, John R B and Shields, Beverley M and Weedon, Michael N and Hattersley, Andrew T and Hitman, Graham A and Walker, Mark and Elliott, Kate S and Groves, Christopher J and Lindgren, Cecilia M and Rayner, Nigel W and Timpson, Nicholas J and Zeggini, Eleftheria and McCarthy, Mark I and Newport, Melanie and Sirugo, Giorgio and Lyons, Emily and Vannberg, Fredrik and Hill, Adrian V S and Bradbury, Linda A and Farrar, Claire and Pointon, Jennifer J and Wordsworth, Paul and Brown, Matthew A and Franklyn, Jayne A and Heward, Joanne M and Simmonds, Matthew J and Gough, Stephen C L and Seal, Sheila and Susceptibility Collaboration UK, Breast Cancer and Stratton, Michael R and Rahman, Nazneen and Ban, Maria and Goris, An and Sawcer, Stephen J and Compston, Alastair and Conway, David and Jallow, Muminatou and Newport, Melanie and Sirugo, Giorgio and Rockett, Kirk A and Kwiatkowski, Dominic P and Bumpstead, Suzannah J and Chaney, Amy and Downes, Kate and Ghori, Mohammed J R and Gwilliam, Rhian and Hunt, Sarah E and Inouye, Michael and Keniry, Andrew and King, Emma and McGinnis, Ralph and Potter, Simon and Ravindrarajah, Rathi and Whittaker, Pamela and Widden, Claire and Withers, David and Deloukas, Panos and Leung, Hin-Tak and Nutland, Sarah and Stevens, Helen E and Walker, Neil M and Todd, John A and Easton, Doug and Clayton, David G and Burton, Paul R and Tobin, Martin D and Barrett, Jeffrey C and Evans, David and Morris, Andrew P and Cardon, Lon R and Cardin, Niall J and Davison, Dan and Ferreira, Teresa and Pereira-Gale, Joanne and Hallgrimsd{\'o}ttir, I...},
title = {{Genome-wide association study of 14,000 cases of seven common diseases and 3,000 shared controls}},
journal = {Nature {\ldots}},
year = {2007},
volume = {447},
number = {7145},
pages = {661--678},
month = jun
}

@article{Storey:2003cj,
author = {Storey, John D and Tibshirani, Robert},
title = {{Statistical significance for genomewide studies}},
journal = {Proceedings of the National Academy of Sciences of the United States of America},
year = {2003},
volume = {100},
number = {16},
pages = {9440--9445},
month = jan
}

@article{Quackenbush:2006bk,
author = {Quackenbush, John},
title = {{Microarray Analysis and Tumor Classification}},
journal = {New England Journal of Medicine},
year = {2006},
volume = {354},
number = {23},
pages = {2463--2472},
month = jan
}

@article{Shi:2006dl,
author = {Shi, Leming and Shi, Leming and Reid, Laura H and Jones, Wendell D and Shippy, Richard and Warrington, Janet A and Baker, Shawn C and Collins, Patrick J and de Longueville, Francoise and Kawasaki, Ernest S and Lee, Kathleen Y and Luo, Yuling and Sun, Yongming Andrew and Willey, James C and Setterquist, Robert A and Fischer, Gavin M and Tong, Weida and Dragan, Yvonne P and Dix, David J and Frueh, Felix W and Goodsaid, Federico M and Herman, Damir and Jensen, Roderick V and Johnson, Charles D and Lobenhofer, Edward K and Puri, Raj K and Scherf, Uwe and Thierry-Mieg, Jean and Wang, Charles and Wilson, Mike and Wolber, Paul K and Zhang, Lu and Amur, Shashi and Bao, Wenjun and Barbacioru, Catalin C and Lucas, Anne Bergstrom and Bertholet, Vincent and Boysen, Cecilie and Bromley, Bud and Brown, Donna and Brunner, Alan and Canales, Roger and Cao, Xiaoxi Megan and Cebula, Thomas A and Chen, James J and Cheng, Jing and Chu, Tzu-Ming and Chudin, Eugene and Corson, John and Corton, J Christopher and Croner, Lisa J and Davies, Christopher and Davison, Timothy S and Delenstarr, Glenda and Deng, Xutao and Dorris, David and Eklund, Aron C and Fan, Xiao-hui and Fang, Hong and Fulmer-Smentek, Stephanie and Fuscoe, James C and Gallagher, Kathryn and Ge, Weigong and Guo, Lei and Guo, Xu and Hager, Janet and Haje, Paul K and Han, Jing and Han, Tao and Harbottle, Heather C and Harris, Stephen C and Hatchwell, Eli and Hauser, Craig A and Hester, Susan and Hong, Huixiao and Hurban, Patrick and Jackson, Scott A and Ji, Hanlee and Knight, Charles R and Kuo, Winston P and LeClerc, J Eugene and Levy, Shawn and Li, Quan-Zhen and Liu, Chunmei and Liu, Ying and Lombardi, Michael J and Ma, Yunqing and Magnuson, Scott R and Maqsodi, Botoul and McDaniel, Tim and Mei, Nan and Myklebost, Ola and Ning, Baitang and Novoradovskaya, Natalia and Orr, Michael S and Osborn, Terry W and Papallo, Adam and Patterson, Tucker A and Perkins, Roger G and Peters, Elizabeth H and Peterson, Ron and Philips, Kenneth L and Pine, P Scott and Pusztai, Lajos and Qian, Feng and Ren, Hongzu and Rosen, Mitch and Rosenzweig, Barry A and Samaha, Raymond R and Schena, Mark and Schroth, Gary P and Shchegrova, Svetlana and Smith, Dave D and Staedtler, Frank and Su, Zhenqiang and Sun, Hongmei and Szallasi, Zoltan and Tezak, Zivana and Thierry-Mieg, Danielle and Thompson, Karol L and Tikhonova, Irina and Turpaz, Yaron and Vallanat, Beena and Van, Christophe and Walker, Stephen J and Wang, Sue Jane and Wang, Yonghong and Wolfinger, Russ and Wong, Alex and Wu, Jie and Xiao, Chunlin and Xie, Qian and Xu, Jun and Yang, Wen and Zhang, Liang and Zhong, Sheng and Zong, Yaping and Slikker, William},
title = {{The MicroArray Quality Control (MAQC) project shows inter- and intraplatform reproducibility of gene expression measurements}},
journal = {Nature Biotechnology},
year = {2006},
volume = {24},
number = {9},
pages = {1151--1161},
month = sep
}

@article{Smith:2007ey,
author = {Smith, Barry and Ashburner, Michael and Rosse, Cornelius and Bard, Jonathan and Bug, William and Ceusters, Werner and Goldberg, Louis J and Eilbeck, Karen and Ireland, Amelia and Mungall, Christopher J and {OBI Consortium} and Leontis, Neocles and Rocca-Serra, Philippe and Ruttenberg, Alan and Sansone, Susanna-Assunta and Scheuermann, Richard H and Shah, Nigam and Whetzel, Patricia L and Lewis, Suzanna},
title = {{The OBO Foundry: coordinated evolution of ontologies to support biomedical data integration.}},
journal = {Nature Biotechnology},
year = {2007},
volume = {25},
number = {11},
pages = {1251--1255},
month = nov
}

@article{Jenkinson:2001hh,
author = {Jenkinson, Mark and Smith, Stephen},
title = {{A global optimisation method for robust affine registration of brain images}},
journal = {Medical Image Analysis},
year = {2001},
volume = {5},
number = {2},
pages = {143--156},
month = jun
}

@article{Kawamoto:2005gn,
author = {Kawamoto, Kensaku and Houlihan, Caitlin A and Balas, E Andrew and Lobach, David F},
title = {{Improving clinical practice using clinical decision support systems: a systematic review of trials to identify features critical to success}},
journal = {BMJ},
year = {2005},
volume = {330},
number = {7494},
pages = {765--0}
}

@article{Garg:2005cb,
author = {Garg, Amit X. and Adhikari, Neill K. J. and McDonald, Heather and Rosas-Arellano, M. Patricia and Devereaux, P. J. and Beyene, Joseph and Sam, Justina and Haynes, R. Brian},
title = {{Effects of Computerized Clinical Decision Support Systems on Practitioner Performance and Patient Outcomes: A Systematic Review}},
journal = {JAMA: The Journal of the American Medical Association},
year = {2005},
volume = {293},
number = {10},
pages = {1223--1238},
month = mar
}

@article{Jenkinson:kj,
author = {Jenkinson, Mark and Bannister, Peter and Brady, Michael and Smith, Stephen},
title = {{Improved Optimization for the Robust and Accurate Linear Registration and Motion Correction of Brain Images}},
journal = {NeuroImage},
volume = {17},
number = {2},
pages = {825--841}
}

@article{Oliver:2010fm,
author = {Oliver, Arnau and Freixenet, Jordi and Mart{\'\i}, Joan and P{\'e}rez, Elsa and Pont, Josep and Denton, Erika R E and Zwiggelaar, Reyer},
title = {{A review of automatic mass detection and segmentation in mammographic images}},
journal = {Medical Image Analysis},
year = {2010},
volume = {14},
number = {2},
pages = {87--110},
month = apr
}

@inproceedings{Kobatake:1996ir,
author = {Kobatake, H and Murakami, M},
title = {{Adaptive filter to detect rounded convex regions: iris filter}},
booktitle = {Pattern Recognition, 1996., Proceedings of the 13th International Conference on},
year = {1996},
pages = {340--344 vol.2},
publisher = {IEEE Comput. Soc. Press}
}

@article{Chen:2013tw,
author = {Chen, Suming and Choi, Arthur and Darwiche, Adnan},
title = {{An exact algorithm for computing the same-decision probability}},
year = {2013},
pages = {2525--2531}
}

@article{Hinton:2006bg,
author = {Hinton, G E and Salakhutdinov, R. R.},
title = {{Reducing the Dimensionality of Data with Neural Networks}},
journal = {Science},
year = {2006},
volume = {313},
number = {5786},
pages = {504--507},
month = jan
}

@article{Beck:2011jv,
author = {Beck, Andrew H. and Sangoi, Ankur R. and Leung, Samuel and Marinelli, Robert J. and Nielsen, Torsten O. and van de Vijver, Marc J. and West, Robert B. and van de Rijn, Matt and Koller, Daphne},
title = {{Systematic Analysis of Breast Cancer Morphology Uncovers Stromal Features Associated with Survival}},
journal = {Science Translational Medicine},
year = {2011},
volume = {3},
number = {108},
pages = {108ra113--108ra113},
month = jan
}

@article{Heckerman:1993kj,
author = {Heckerman, D and Horvitz, E and Middleton, B},
title = {{An approximate nonmyopic computation for value of information}},
journal = {Pattern Analysis and Machine Intelligence, IEEE Transactions on},
year = {1993},
volume = {15},
number = {3},
pages = {292--298}
}

@article{Wilcoxon:1945tm,
author = {Wilcoxon, Frank},
title = {{Individual Comparisons by Ranking Methods}},
journal = {Biometrics Bulletin},
year = {1945},
volume = {1},
pages = {80--83}
}

@article{Pauker:1980cg,
author = {Pauker, Stephen G and Kassirer, Jerome P},
title = {{The Threshold Approach to Clinical Decision Making}},
journal = {N Engl J Med},
year = {1980},
volume = {302},
number = {20},
pages = {1109--1117},
month = may
}

@article{Lazarus:2006bl,
author = {Lazarus, Elizabeth and Mainiero, Martha B and Schepps, Barbara and Koelliker, Susan L and Livingston, Linda S},
title = {{BI-RADS Lexicon for US and Mammography: Interobserver Variability and Positive Predictive Value1}},
journal = {Radiology},
year = {2006},
volume = {239},
number = {2},
pages = {385--391},
month = may
}

@article{Iglesias:2011tk,
author = {Iglesias, JE and Konukoglu, E and Montillo, A},
title = {{Combining Generative and Discriminative Models for Semantic Segmentation of CT Scans via Active Learning}},
journal = {{\ldots} in Medical Imaging {\ldots}},
year = {2011}
}

@article{WilliamJ:1983gl,
author = {William J, Clancey},
title = {{The epistemology of a rule-based expert system ---a framework for explanation}},
journal = {Artificial Intelligence},
year = {1983},
volume = {20},
number = {3},
pages = {215--251},
month = may
}

@article{Jiang:2001fy,
author = {Jiang, Yulei and Nishikawa, Robert M and Schmidt, Robert A and Toledano, Alicia Y and Doi, Kunio},
title = {{Potential of Computer-aided Diagnosis to Reduce Variability in Radiologists' Interpretations of Mammograms Depicting Microcalcifications1}},
journal = {Radiology},
year = {2001},
volume = {220},
number = {3},
pages = {787--794},
month = jan
}

@article{Tukey:1962vw,
author = {Tukey, John W},
title = {{The Future of Data Analysis}},
journal = {The Annals of Mathematical Statistics},
year = {1962},
volume = {33},
number = {1},
pages = {1--67},
month = mar
}

@article{Besag:1986tq,
author = {Besag, Julian},
title = {{On the Statistical Analysis of Dirty Pictures}},
journal = {Journal of the Royal Statistical Society. Series B (Methodological)},
year = {1986},
volume = {48},
number = {3},
pages = {259--302},
month = jan
}

@article{Berlin:1_mkt9li,
author = {Berlin, L},
title = {{Malpractice issues in radiology. Perceptual errors.}}
}

@article{SaarTsechansky:2009bu,
author = {Saar-Tsechansky, Maytal and Melville, Prem and Provost, Foster},
title = {{Active Feature-Value Acquisition}},
journal = {Management Science},
year = {2009},
volume = {55},
number = {4},
pages = {664--684},
month = jan
}

@article{Charniak:1991jw,
author = {Charniak, Eugene},
title = {{Bayesian Networks without Tears.}},
journal = {AI Magazine},
year = {1991},
volume = {12},
number = {4},
pages = {50},
month = dec
}

@article{Berlin:1996ud,
author = {Berlin, L},
title = {{Malpractice issues in radiology. Possessing ordinary knowledge.}},
year = {1996}
}

@article{Berlin:1996uj,
author = {Berlin, L},
title = {{Communication of the urgent finding.}},
year = {1996}
}

@article{Berlin:1996vw,
author = {Berlin, L},
title = {{Errors in judgment.}},
year = {1996}
}

@book{Hastie:2009wp,
author = {Hastie, T and Tibshirani, R and Friedman, Jerome},
title = {{The Elements of Statistical Learning}},
publisher = {Springer},
year = {2009},
address = {New York},
edition = {2},
month = feb
}

@book{Anonymous:2011vl,
title = {{link.springer.com}},
publisher = {Springer Berlin Heidelberg},
year = {2011},
address = {Berlin, Heidelberg}
}

@incollection{Gaag:2011gs,
author = {Gaag, LindaC and Bodlaender, HansL},
title = {{On Stopping Evidence Gathering for Diagnostic Bayesian Networks}},
booktitle = {Lecture Notes in Computer Science},
year = {2011},
editor = {Liu, Weiru},
pages = {170--181--181},
publisher = {Springer Berlin Heidelberg},
address = {Berlin, Heidelberg}
}

@book{Anonymous:2011tt,
title = {{Lecture Notes in Computer Science}},
publisher = {Springer Berlin Heidelberg},
year = {2011}
}

@article{Akgul:2011ey,
author = {Akg{\"u}l, Ceyhun Burak and Rubin, Daniel L and Napel, Sandy and Beaulieu, Christopher F and Greenspan, Hayit and Acar, Burak},
title = {{Content-based image retrieval in radiology: current status and future directions.}},
journal = {Journal of Digital Imaging},
year = {2011},
volume = {24},
number = {2},
pages = {208--222},
month = apr
}

@article{Korenblum:2011gx,
author = {Korenblum, Daniel and Rubin, Daniel and Napel, Sandy and Rodriguez, Cesar and Beaulieu, Chris},
title = {{Managing Biomedical Image Metadata for Search and Retrieval of Similar Images}},
journal = {Journal of digital imaging : the official journal of the Society for Computer Applications in Radiology},
year = {2011},
volume = {24},
number = {4},
pages = {739--748},
month = jan
}

@inproceedings{Coates:2011da,
author = {Coates, A and Carpenter, B and Case, C and Satheesh, S and Suresh, B. and Wang, Tao and Wu, D.J. and Ng, A.Y.},
title = {{Text Detection and Character Recognition in Scene Images with Unsupervised Feature Learning}},
booktitle = {Document Analysis and Recognition (ICDAR), 2011 International Conference on},
year = {2011},
pages = {440--445},
publisher = {IEEE}
}

@article{XiaoqianJiang:2011uq,
author = {Xiaoqian Jiang, Melanie Osl Jihoon Kim Lucila Ohno-Machado},
title = {{Smooth Isotonic Regression: A New Method to Calibrate Predictive Models}},
journal = {AMIA Summits on Translational Science Proceedings},
year = {2011},
volume = {2011},
pages = {16}
}

@article{Chi:tp,
author = {Chi, Chih-Lin and Street, W Nick and Katz, David A},
title = {{A decision support system for cost-effective diagnosis}},
journal = {Artificial Intelligence in Medicine},
volume = {50},
number = {3},
pages = {149--161}
}

@inproceedings{Melville:2004do,
author = {Melville, P and Saar-Tsechansky, M and Provost, F and Mooney, R},
title = {{Active feature-value acquisition for classifier induction}},
booktitle = {Data Mining, 2004. ICDM '04. Fourth IEEE International Conference on},
year = {2004},
pages = {483--486},
publisher = {IEEE}
}

@article{Nemhauser:1978ck,
author = {Nemhauser, G L and Wolsey, L A and Fisher, M L},
title = {{An analysis of approximations for maximizing submodular set functions---I}},
journal = {Mathematical Programming},
year = {1978},
volume = {14},
number = {1},
pages = {265--294--294}
}

@article{Agresti:2005jh,
author = {Agresti, Alan and Min, Yongyi},
title = {{Simple improved confidence intervals for comparing matched proportions}},
journal = {Statistics in medicine},
year = {2005},
volume = {24},
number = {5},
pages = {729--740}
}

@techreport{norsys1998norsys,
author = {Norsys, Netica Application},
title = {{Norsys Software Corp}},
year = {1998}
}

@article{Berlin:3qCzAHrG,
author = {Berlin, L},
title = {{Radiology reports.}}
}

@article{ENFIELD:1923hr,
author = {ENFIELD, CHARLES D},
title = {{THE SCOPE OF THE ROENTGENOLOGIST'S REPORT}},
journal = {JAMA: The Journal of the American Medical Association},
year = {1923},
volume = {80},
number = {14},
pages = {999},
month = apr
}

@inproceedings{Melville:2005jo,
author = {Melville, P and Saar-Tsechansky, M and Provost, F and Mooney, R},
title = {{An expected utility approach to active feature-value acquisition}},
booktitle = {Data Mining, Fifth IEEE International Conference on},
year = {2005},
pages = {4 pp. EP ----748},
publisher = {IEEE}
}

@article{Rector:2011ip,
author = {Rector, Alan L and Brandt, Sam and Schneider, Thomas},
title = {{Getting the foot out of the pelvis: modeling problems affecting use of SNOMED CT hierarchies in practical applications}},
journal = {Journal of the American Medical Informatics Association},
year = {2011},
volume = {18},
number = {4},
pages = {432--440},
month = jan
}

@article{Kilday:1993jk,
author = {Kilday, J and Palmieri, F and Fox, M D},
title = {{Classifying mammographic lesions using computerized image analysis}},
journal = {Medical Imaging, IEEE Transactions on},
year = {1993},
volume = {12},
number = {4},
pages = {664--669}
}

@manual{Team:2014wf,
title = {{R: A Language and Environment for Statistical Computing}},
author = {Team, R Core},
address = {Vienna, Austria},
year = {2014}
}

@article{Lautt:1987wma,
author = {Lautt, W. Wayne and Greenway, Clive V.},
title = {{Conceptual review of the hepatic vascular bed}},
journal = {Hepatology (Baltimore, Md)},
year = {1987},
volume = {7},
number = {5},
pages = {952--963}
}

@article{Xu:2012bh,
author = {Xu, Jiajing and Faruque, Jessica and Beaulieu, Christopher and Rubin, Daniel and Napel, Sandy},
title = {{A Comprehensive Descriptor of Shape: Method and Application to Content-Based Retrieval of Similar Appearing Lesions in Medical Images}},
journal = {Journal of digital imaging : the official journal of the Society for Computer Applications in Radiology},
year = {2012},
volume = {25},
number = {1},
pages = {121--128},
month = jan
}

@article{Cooper:1992fx,
author = {Cooper, Gregory F and Herskovits, Edward},
title = {{A Bayesian method for the induction of probabilistic networks from data}},
journal = {Machine learning},
year = {1992},
volume = {9},
number = {4},
pages = {309--347},
month = oct
}

@article{Reiner:2009ib,
author = {Reiner, Bruce},
title = {{The Challenges, Opportunities, and Imperative of Structured Reporting in Medical Imaging}},
journal = {Journal of digital imaging : the official journal of the Society for Computer Applications in Radiology},
year = {2009},
volume = {22},
number = {6},
pages = {562--568},
month = oct
}

@webpage{Berlin:2009vo,
author = {Berlin, Leonard},
title = {{Risk Management {\&} Malpractice Defense Pitfalls of the Vague Radiology Report }},
year = {2009},
month = nov,
url = {http://www.radiologytoday.net/archive/rt113009p10.shtml}
}

@article{Weiss:2008er,
author = {Weiss, David L. and Langlotz, Curtis P},
title = {{Structured Reporting: Patient Care Enhancement or Productivity Nightmare?}},
journal = {Radiology},
year = {2008},
volume = {249},
number = {3},
pages = {739--747},
month = dec
}

@article{Matsui:1991vba,
author = {Matsui, O and Kadoya, M and Kameyama, T and Yoshikawa, J and Takashima, T and Nakanuma, Y and Unoura, M and Kobayashi, K and Izumi, R and Ida, M},
title = {{Benign and malignant nodules in cirrhotic livers: distinction based on blood supply.}},
journal = {Radiology},
year = {1991},
volume = {178},
number = {2},
pages = {493--497},
month = jan
}

@article{Arumugam:2011fq,
author = {Arumugam, Manimozhiyan and Raes, Jeroen and Pelletier, Eric and Le Paslier, Denis and Yamada, Takuji and Mende, Daniel R and Fernandes, Gabriel R and Tap, Julien and Bruls, Thomas and Batto, Jean-Michel and Bertalan, Marcelo and Borruel, Natalia and Casellas, Francesc and Fernandez, Leyden and Gautier, Laurent and Hansen, Torben and Hattori, Masahira and Hayashi, Tetsuya and Kleerebezem, Michiel and Kurokawa, Ken and Leclerc, Marion and Levenez, Florence and Manichanh, Chaysavanh and Nielsen, H Bj{\o}rn and Nielsen, Trine and Pons, Nicolas and Poulain, Julie and Qin, Junjie and Sicheritz-Ponten, Thomas and Tims, Sebastian and Torrents, David and Ugarte, Edgardo and Zoetendal, Erwin G and Wang, Jun and Guarner, Francisco and Pedersen, Oluf and de Vos, Willem M and Brunak, S{\o}ren and Dor{\'e}, Joel and {MetaHIT Consortium} and Antol{\'\i}n, Mar{\'\i}a and Artiguenave, Francois and Blottiere, Herv{\'e} M and Almeida, Mathieu and Brechot, Christian and Cara, Carlos and Chervaux, Christian and Cultrone, Antonella and Delorme, Christine and Denariaz, G{\'e}rard and Dervyn, Rozenn and Foerstner, Konrad U and Friss, Carsten and van de Guchte, Maarten and Guedon, Eric and Haimet, Florence and Huber, Wolfgang and van Hylckama-Vlieg, Johan and Jamet, Alexandre and Juste, Catherine and Kaci, Ghalia and Knol, Jan and Lakhdari, Omar and Layec, Severine and Le Roux, Karine and Maguin, Emmanuelle and M{\'e}rieux, Alexandre and Melo Minardi, Raquel and M'rini, Christine and Muller, Jean and Oozeer, Raish and Parkhill, Julian and Renault, Pierre and Rescigno, Maria and Sanchez, Nicolas and Sunagawa, Shinichi and Torrejon, Antonio and Turner, Keith and Vandemeulebrouck, Gaetana and Varela, Encarna and Winogradsky, Yohanan and Zeller, Georg and Weissenbach, Jean and Ehrlich, S Dusko and Bork, Peer},
title = {{Enterotypes of the human gut microbiome.}},
journal = {Nature {\ldots}},
year = {2011},
volume = {473},
number = {7346},
pages = {174--180},
month = may
}

@article{Alon:2010hv,
author = {Alon, Uri},
title = {{How to Build a Motivated Research Group}},
journal = {Molecular Cell},
year = {2010},
volume = {37},
number = {2},
pages = {151--152},
month = jan
}

@article{Donnelly:2008bs,
author = {Donnelly, Peter},
title = {{Progress and challenges in genome-wide association studies in humans}},
journal = {Nature {\ldots}},
year = {2008},
volume = {456},
number = {7223},
pages = {728--731},
month = dec
}

@article{Altman:2007hi,
author = {Altman, Russ B.},
title = {{PharmGKB: a logical home for knowledge relating genotype to drug response phenotype}},
journal = {Nature Genetics},
year = {2007},
volume = {39},
number = {4},
pages = {426--426},
month = apr
}

@article{Rieder:2005io,
author = {Rieder, Mark J. and Reiner, Alexander P. and Gage, Brian F. and Nickerson, Deborah A. and Eby, Charles S. and McLeod, Howard L. and Blough, David K. and Thummel, Kenneth E. and Veenstra, David L. and Rettie, Allan E.},
title = {{Effect of VKORC1 Haplotypes on Transcriptional Regulation and Warfarin Dose}},
journal = {New England Journal of Medicine},
year = {2005},
volume = {352},
number = {22},
pages = {2285--2293},
month = jan
}

@article{Ashley:di,
author = {Ashley, Euan A and Butte, Atul J and Wheeler, Matthew T and Chen, Rong and Klein, Teri E and Dewey, Frederick E and Dudley, Joel T and Ormond, Kelly E and Pavlovic, Aleksandra and Morgan, Alexander A and Pushkarev, Dmitry and Neff, Norma F and Hudgins, Louanne and Gong, Li and Hodges, Laura M and Berlin, Dorit S and Thorn, Caroline F and Sangkuhl, Katrin and Hebert, Joan M and Woon, Mark and Sagreiya, Hersh and Whaley, Ryan and Knowles, Joshua W and Chou, Michael F and Thakuria, Joseph V and Rosenbaum, Abraham M and Zaranek, Alexander Wait and Church, George M and Greely, Henry T and Quake, Stephen R and Altman, Russ B.},
title = {{Clinical assessment incorporating a personal genome}},
journal = {The Lancet},
volume = {375},
number = {9725},
pages = {1525--1535}
}

@article{Hansen:2009bx,
author = {Hansen, N T and Brunak, S and Altman, R B},
title = {{Generating Genome-Scale Candidate Gene Lists for Pharmacogenomics}},
journal = {Clinical Pharmacology {\&}{\#}38; Therapeutics},
year = {2009},
volume = {86},
number = {2},
pages = {183--189},
month = apr
}

@article{Yldrm:2007hc,
author = {Yıldırım, Muhammed A and Goh, Kwang-Il and Cusick, Michael E and Barab{\'a}si, Albert-L{\'a}szl{\'o} and Vidal, Marc},
title = {{Drug---target network}},
journal = {Nature Biotechnology},
year = {2007},
volume = {25},
number = {10},
pages = {1119--1126},
month = oct
}

@article{Chiang:2009gl,
author = {Chiang, AP and Butte, AJ},
title = {{Data-Driven Methods to Discover Molecular Determinants of Serious Adverse Drug Events}},
journal = {Clinical Pharmacology {\&}{\#}38; Therapeutics},
year = {2009},
volume = {85},
number = {3},
pages = {259--268},
month = jan
}

